2959 4792
537 316 682 386 NOTAE
706 316 929 385 sinnsnni
1208 317 1284 391 405

180 480 356 563 imperiales
383 480 474 541 etiam
495 480 648 557 fecerunt3
674 491 709 541 ut
735 480 819 542 idem
840 482 1043 559 lastinianus,
1065 483 1119 565 qui
1138 486 1208 565 lege
1228 484 1284 547 ad·

182 586 286 627 versus
308 586 412 626 omnes
432 570 560 629 Arianos
581 570 657 643 lata,
684 570 837 628 immunes
857 578 959 627 tamen
978 570 1173 631 Exocionitas
1193 574 1284 631 Aria·

181 672 238 712 nos
264 656 486 733 pronunciavit.
528 656 588 712 ilos
619 654 732 713 scilicet
757 657 810 735 qui
831 651 871 713 ad
891 672 945 713 sua
966 672 1053 713 sacra
1070 666 1157 715 extra
1175 657 1284 719 urbem

181 738 364 817 Byzantium
398 749 484 819 parte
517 740 756 817 septemtrionali
785 740 1019 814 conveniebant3
1056 760 1149 821 quem
1181 743 1284 801 locum

171 818 255 898 Ἐξω
270 817 381 901 esicio,
403 842 420 881 a
442 824 646 903 compluribus
664 835 751 883 extra
766 826 886 883 moenia
908 824 1057 883 columnis
1078 827 1154 884 inibi
1174 838 1285 887 extan-

181 908 262 967 tibus
293 907 407 967 dictum
432 910 526 968 fnisse
548 909 678 989 legimns
705 912 738 967 in
766 910 993 990 antiquitatibus
1012 912 1072 992 ott.
1116 908 1284 992 Theopha-

180 1012 252 1068 nes,
285 991 305 1057 ὅ
333 991 473 1073 passienis
496 989 705 1068 Ἰοοστινιανός
732 987 886 1057 inienuus
913 989 1013 1069 πάσας
1041 990 1094 1068 etc
1124 995 1284 1077 ἐκκλησίας

180 1082 244 1139 τοῖν
265 1078 438 1159 αῐρετικοῑν,
468 1079 520 1141 nul
542 1073 697 1143 ἐπέδωκεν
717 1074 813 1154 adroic
833 1086 897 1153 τοῖς
914 1073 1114 1161 o’pttoio'iosc⁹
1135 1081 1203 1163 δίχα
1222 1086 1285 1146 scie

179 1156 390 1237 Ἐξακιοοιτοῐν
410 1158 586 1242 'Apssuvois-
628 1164 1012 1244 Imperator’Iustiniunue
1030 1164 1162 1224 abstulit
1182 1186 1284 1227 omnes

181 1246 399 1306 baereticorum
420 1250 571 1325 ecciesiae,
592 1270 703 1329 eaeque
722 1248 899 1309 orthodoxia
914 1252 1067 1328 concessit,
1088 1255 1215 1330 exceptis
1231 1255 1283 1326 iis,

182 1354 261 1413 quoe
279 1334 471 1393 Arianoruns
487 1336 745 1393 Erucionitarum
764 1346 869 1396 essem.
909 1337 951 1393 ni
973 1355 1084 1415 nempe
1101 1336 1284 1397 nobilissimi

181 1421 362 1477 Asianorum
379 1428 473 1494 erant,
494 1420 527 1477 in
548 1440 677 1501 quorum
699 1421 861 1499 collegium
880 1418 1010 1479 adscribi
1029 1418 1210 1481 Gotthorum
1231 1442 1283 1481 re·

182 1522 236 1582 ges
262 1504 360 1563 Italici
395 1516 619 1564 consueverant.
663 1507 761 1577 Quare
793 1516 882 1566 antor
910 1504 1043 1565 chronici
1070 1505 1281 1583 Alexandrini,

180 1586 221 1647 ad
242 1608 356 1648 annum
375 1592 506 1650 Zenonis
527 1588 732 1667 undecimum,
749 1588 975 1650 Theodericum
994 1593 1205 1651 Exocionitom
1224 1612 1283 1652 so-

181 1684 245 1747 cat3
274 1693 367 1754 quem
385 1676 489 1734 locum
509 1674 645 1736 eruditus
665 1678 811 1755 interpres
831 1673 1002 1739 Matthaeus
1019 1674 1155 1737 Raderus
1173 1696 1282 1757 parom

179 1760 344 1819 intellexit.

265 1846 300 1902 P.
323 1842 457 1921 74‚15.
501 1843 537 1903 A
554 1842 740 1903 seditionum
756 1844 963 1924 popularibus
986 1847 1109 1924 possins
1134 1848 1282 1926 munti]

180 1930 217 1991 ln
239 1930 365 1989 ecclesia
385 1932 482 1988 sancti
494 1932 586 1989 Mucii
603 1932 830 1989 aconstantino
851 1930 1057 2005 exaedificata,
1079 1939 1110 1989 et
1128 1932 1192 1991 iam
1210 1930 1283 1993 inde

182 2015 222 2073 ab
241 2018 362 2074 Arianis
384 2026 543 2095 competa,
566 2034 670 2073 eornm
689 2013 796 2077 πολλοὶ
817 2008 1053 2094 ἐπεσπάσθησαν
1073 2014 1107 2077 iv
1127 2022 1193 2091 ταῖς
1211 2014 1285 2097 sipi·

182 2120 250 2181 ραις
269 2093 483 2163 'morvano
502 2104 560 2163 rosi
579 2093 720 2180 μεγάλου,
741 2100 965 2178 quamplurimi
984 2097 1190 2159 contrucidoti
1209 2112 1286 2161 sunt

182 2194 312 2265 tempore
334 2186 503 2245 metuant
524 2187 640 2264 magni.
682 2186 717 2243 ln
738 2186 876 2263 πατρίοις
895 2186 955 2243 GP.
975 2186 1018 2243 its
1037 2185 1179 2262 legimus.

267 2272 302 2329 P.
324 2271 381 2344 75,
405 2274 434 2332 1.
480 2270 557 2331 Cum
578 2273 620 2327 iia
641 2278 747 2327 temen
766 2268 1018 2349 conflagrarunt]
1039 2270 1160 2329 Similia
1179 2272 1212 2329 in
1233 2268 1285 2329 hi·

182 2358 282 2416 storiis
303 2353 470 2431 habentnr3
499 2356 649 2415 Salustius
670 2354 755 2413 idam
773 2354 865 2434 plane
888 2353 927 2413 de
946 2353 1150 2416 Thalensibus
1170 2354 1285 2415 scribit.

180 2442 231 2501 Hi
256 2452 421 2521 postquam
447 2460 570 2500 murum
598 2440 745 2499 arietibus
763 2440 876 2520 seriei,
907 2460 1013 2520 reaque
1030 2449 1116 2499 ‘suaa
1144 2441 1285 2522 afflictas

179 2524 285 2587 cedens
292 2568 310 2598 ,1
326 2546 458 2603 aarum,
481 2536 718 2606 argentumque,
739 2535 769 2583 et
789 2525 873 2601 αΙία,
894 2545 974 2605 quoe
989 2528 1097 2605 prima
1116 2520 1285 2602 ducuntur,

74 2660 79 2671 .
181 2608 307 2670 domum
325 2614 443 2692 regium
460 2622 666 2690 componam
688 2610 733 2669 ibi
753 2613 826 2668 virio
847 2620 876 2668 st
895 2610 995 2690 epuiis
1015 2614 1146 2688 onerati,
1167 2612 1286 2691 iliaque

180 2707 211 2756 et
231 2692 371 2775 domum,
392 2707 421 2755 et
441 2706 532 2755 semet
552 2698 622 2776 igni
642 2706 855 2774 corrumpunt,
876 2706 906 2753 et
926 2717 1005 2776 quoa
1027 2698 1103 2755 victi
1122 2696 1164 2757 ab
1186 2696 1285 2757 bosti-

178 2782 240 2841 bus
258 2802 375 2862 poenus
395 2780 582 2861 penuriam,
604 2801 655 2840 eae
676 2782 739 2860 ipsi
758 2780 888 2841 volenter
903 2776 1077 2860 pependere.

267 2870 305 2926 P.
321 2866 380 2941 75,
400 2870 433 2931 2.
473 2868 556 2946 Lege
575 2866 636 2925 hoc
651 2866 721 2924 latu
740 2868 835 2923 etiam
855 2868 889 2923 in
909 2867 1103 2943 Samnitas]
1130 2862 1210 2937 Quid
1229 2866 1283 2924 ills

180 2952 236 3012 lex
258 2954 431 3029 oontimret,
452 2954 545 3031 paulo
567 2963 636 3011 ante
656 2952 819 3031 Procopius
842 2948 931 3009 dixit.
972 2952 1043 3010 Hos
1064 2970 1165 3009 omnes
1179 2952 1284 3029 priore
1299 2962 1324 3017 Α
1339 2960 1375 3016 57

181 3040 329 3097 sententia
350 3035 487 3097 decedere
507 3039 613 3113 iussu,
635 3038 790 3117 protervis
810 3046 878 3094 tuns
898 3034 970 3093 ulia
987 3037 1139 3109 ηιίααιιιο,
1167 3045 1236 3093 tuns
1255 3044 1284 3095 es

179 3144 218 3182 ne
237 3123 342 3182 liberie
362 3133 420 3186 out
435 3124 621 3202 propinquis
636 3121 718 3180 iona
737 3122 939 3200 relinquerent
958 3116 1150 3179 interdicens·
1190 3121 1284 3179 lusti-

179 3210 266 3267 niani
291 3226 362 3287 ergo
384 3210 555 3267 constitutio
580 3218 682 3267 contra
703 3206 866 3268 Samarites
886 3225 952 3265 non
970 3214 1016 3265 est
1035 3206 1090 3263 lex
1108 3223 1189 3264 nona
1214 3203 1282 3265 sod.

182 3291 223 3352 de
250 3291 363 3352 haeret.
392 3302 426 3351 nt
454 3295 502 3351 vir
528 3291 634 3351 doctiss
663 3292 773 3351 Caesar
793 3292 941 3351 Batonius
969 3292 1118 3370 opinatur.
1160 3288 1285 3350 Accedit

181 3377 266 3459 qnod
293 3381 325 3437 in
355 3378 557 3441 norella129
586 3377 704 3457 singula
729 3388 927 3435 numerantur
946 3379 1044 3456 capita
1065 3376 1283 3434 constitutionis

180 3464 408 3538 instruarius,
429 3481 507 3544 quae
527 3466 560 3521 in
581 3462 649 3541 lege
670 3462 725 3520 illa
745 3481 827 3522 nona
845 3464 974 3521 minime
995 3470 1149 3540 apparent.
1190 3462 1284 3519 Porro

181 3560 243 3608 tres
272 3548 310 3608 de
340 3548 496 3610 samaritis
526 3544 615 3607 video
643 3549 801 3607 Iustiniani
834 3548 1070 3606 constitutiones.
1112 3546 1215 3603 Prima
1245 3543 1284 3601 de

181 3636 329 3713 religione
356 3636 419 3692 iliis
445 3630 620 3707 interdicta,
647 3636 732 3691 cuius
758 3630 809 3693 hic
829 3633 994 3710 Procopius
1015 3631 1174 3704 meminit3
1202 3629 1284 3689 unde

179 3720 287 3778 turbae
316 3730 346 3778 et
373 3716 537 3778 seditiones
565 3721 599 3776 in
618 3719 791 3777 Palaestina
819 3726 991 3776 manarunt.
1032 3714 1189 3775 Secundae
1219 3718 1284 3774 sin-

182 3806 254 3884 gula
284 3808 382 3884 capita
410 3806 444 3862 in
470 3803 591 3863 novella
620 3804 681 3867 129
709 3812 921 3878 recensentur,
951 3819 1062 3882 quam,
1089 3809 1124 3857 ut
1151 3800 1283 3881 cyrillus

181 3887 448 3969 scythopolitanus
470 3890 528 3965 ait,
549 3890 681 3947 instante
702 3890 891 3947 matiuimo
909 3888 974 3945 viro
994 3884 1075 3946 Saba
1094 3885 1321 3953 Palaestino-1>
1338 3898 1388 3954 ιιι

181 3994 252 4034 rum
271 3976 372 4055 legato
392 3975 576 4034 lastinianus
594 3974 737 4048 sandvit,
764 3974 877 4032 iactam
898 3972 935 4031 ab
957 3974 1001 4031 eis
1019 3970 1232 4044 rebellionem,
1253 3979 1284 4029 et

181 4058 294 4119 damna
316 4058 496 4119 Christianis
519 4060 604 4118 illata
631 4057 846 4119 vindicaturus.
889 4060 972 4117 Haec
991 4074 1112 4117 summa
1137 4058 1284 4116 constitu-

180 4148 272 4206 tionis
293 4146 361 4203 fuit.
403 4140 561 4207 παύεσθαι
580 4138 634 4218 τοὶς
650 4148 711 4206 eoo
729 4146 927 4227 Σαμαρειτῶν
947 4136 1139 4226 συναγωγὰς,
1159 4140 1212 4205 esi
1227 4134 1284 4203 ssci-

182 4250 240 4311 σης
269 4234 325 4312 τῆς
353 4230 504 4303 πολιτείας
533 4222 777 4307 αἀελαύνεσθαο,
804 4228 857 4293 eoi
884 4226 958 4309 prise
986 4230 1185 4310 κληρονομεῖν
1213 4220 1285 4298 eosic

183 4316 298 4394 ἰδίους,
328 4308 402 4398 μήτε
422 4312 498 4379 sari
522 4316 637 4401 δωρεᾶς
663 4314 782 4383 δίκαιον
802 4308 907 4391 αὐτοῖς
926 4310 1148 4395 παραπέμπειν.
1190 4308 1233 4373 to
1250 4306 1286 4374 di
