2959 4792
480 350 625 421 NOTAE
649 350 874 421 mmmm
1156 348 1236 427 151

119 515 215 577 rebus
234 514 423 597 prceerrent]
455 516 677 592 Triboniauus,
706 518 836 577 loannes
865 513 1047 598 cappadox,
1075 515 1232 598 Addaeus,

119 606 230 663 Petrus
258 606 433 679 Barsames,
462 602 641 679 Aetherius,
674 604 707 661 iu
736 604 865 663 summis
894 603 1038 683 gradibus
1064 606 1232 667 Iustiniano

119 708 244 769 semper
265 690 411 749 carissimi
432 690 564 766 luerunt,
586 708 716 771 quorum
736 688 850 768 flagitia
869 709 975 749 omues
995 691 1161 770 loquuntur
1180 690 1234 752 hi·

118 778 242 834 storiae.
285 776 412 835 sivero
434 776 472 833 ab
493 773 542 835 his
562 772 743 835 numerandi
765 777 948 855 principium
970 774 1072 850 ducas,
1094 778 1231 859 aliosque

117 856 170 919 his
192 857 302 935 addas,
323 879 399 941 quos
420 864 587 941 Evagrius,
608 858 773 939 Agathias,
794 862 959 940 Procopius
979 864 1011 919 in
1032 862 1158 942 reliquis
1179 862 1232 922 hi·

117 949 231 1005 storiae
251 946 354 1021 libris,
377 944 597 1027 Theophanes,
620 944 751 1021 scidas,
778 946 892 1029 aliique
912 947 1072 1027 scriptores
1093 966 1231 1007 comme-

116 1042 255 1107 morant,
280 1033 436 1111 explorata
457 1033 547 1111 plane
568 1050 618 1090 res
637 1032 705 1091 erit.

204 1118 241 1177 P.
263 1120 335 1193 128,
358 1122 389 1183 8.
437 1116 627 1176 Theodotum
647 1118 681 1175 in
701 1136 735 1176 eo
754 1111 861 1197 gradu
881 1113 1051 1195 collocant]
1076 1113 1126 1177 Ad
1146 1114 1229 1177 huuc
1244 1116 1268 1173 P
1285 1118 1337 1177 1oe

116 1210 227 1259 extant
248 1201 364 1283 aliquot
384 1204 543 1261 Iustiniani
569 1204 725 1278 novellae,
757 1220 869 1281 nempe
889 1206 961 1266 112.
1002 1203 1049 1259 De
1075 1203 1228 1282 litigiosis,

116 1297 152 1345 et
172 1289 307 1368 quinque
328 1286 400 1347 huic
420 1290 598 1367 proximae3
621 1305 698 1368 quae
721 1286 810 1346 datae
834 1296 905 1347 sunt
931 1288 1018 1346 lusu.
1040 1288 1122 1347 Auo.
1145 1290 1227 1348 Anu.

114 1376 177 1432 xv.
199 1374 344 1431 Bssruro.
365 1373 402 1434 V.
424 1374 458 1431 G.
482 1391 570 1433 coss.
613 1372 732 1433 Eodem
754 1373 869 1431 scilicet
890 1391 988 1447 auno,
1017 1391 1078 1453 quo
1098 1375 1228 1433 Ioannes

115 1454 284 1537 Cappadox
305 1460 338 1516 in
360 1459 488 1517 exilium
508 1459 615 1539 pulsus
639 1468 699 1535 est,
730 1460 784 1540 qui
812 1458 872 1517 fnit
892 1454 1028 1515 decimus
1050 1460 1115 1517 eius
1137 1478 1229 1537 prae·

114 1543 269 1619 fecimus,
297 1552 332 1601 ut
352 1540 444 1602 habet
464 1546 629 1625 Procopius
649 1545 671 1601 l.
692 1548 709 1609 1
731 1544 806 1602 bell.
826 1544 912 1602 Pers.
940 1536 1081 1621 Ἰωάννης
1102 1542 1229 1607 δίκαιον

113 1626 184 1702 ἔτος
202 1624 262 1709 τήν
285 1621 381 1709 cippis
402 1626 486 1709 ἔχων,
508 1630 639 1688 Ioannes
659 1626 760 1687 decern
775 1633 810 1687 in
822 1625 975 1707 dignitau
996 1648 1093 1686 annos
1113 1631 1227 1707 exegit.-

113 1712 245 1773 totidem
266 1717 348 1773 euim
369 1714 540 1775 numerabis
563 1714 600 1773 ab
624 1732 703 1773 anno
724 1716 823 1793 primo
840 1723 910 1791 post
926 1714 1116 1771 consulatum
1129 1716 1223 1772 Lam-
1239 1713 1264 1772 l
1279 1714 1317 1773 99

113 1797 201 1879 podii
222 1810 252 1857 et
272 1801 401 1877 Orestis,
430 1798 552 1883 quando
574 1802 654 1880 oepit
674 1802 804 1860 loannes
823 1798 1060 1878 praefecturam,
1089 1796 1129 1857 ad
1150 1819 1226 1859 con-

112 1884 249 1945 sulatum
263 1886 379 1945 Basilii.

199 1971 238 2028 P.
262 1970 341 2045 123,
364 1970 417 2033 10.
467 1970 581 2029 Petrus
611 1964 742 2049 qnidam
767 1988 874 2048 ροισι
901 1968 998 2045 Syrus
1027 1978 1224 2045 cognomento

111 2054 293 2135 Beruenses]
314 2055 468 2114 Habemus
490 2052 529 2113 ad
549 2050 631 2113 huno
651 2054 783 2132 plurima
802 2053 961 2111 Iustiniani
980 2055 1133 2131 rescripta.
1175 2053 1223 2112 De

113 2138 226 2199 eodem
245 2143 288 2199 ita
309 2142 371 2221 legi
392 2142 425 2198 iu
446 2140 584 2221 πατρίοις
597 2140 657 2198 cP.
680 2133 732 2201 sir
753 2132 881 2201 παλαιὸν
904 2134 1022 2218 Πέτρον
1039 2136 1156 2217 Πέτρος
1176 2161 1224 2214 τις

112 2226 273 2307 πατρίκιος
302 2224 352 2289 inl
379 2230 444 2299 τοῖς
470 2220 591 2306 χρόνοις
614 2218 830 2286 Ίοοοτινιονοῦ
854 2224 911 2285 soti
936 2216 1069 2304 μεγάλου
1097 2222 1222 2286 ἔκτισεν.

112 2309 218 2412 ἔλεγον
240 2306 274 2373 di
295 2305 386 2373 οὔτᾶν
407 2305 618 2391 Βοροαμιανὸγ
639 2303 692 2371 siu
713 2303 819 2390 Σύρον
841 2301 954 2381 nolirir
975 2300 1069 2389 ἆρχοῖς
1087 2310 1132 2392 τῷ
1153 2304 1221 2372 τότε

111 2418 214 2481 χρονςο
240 2390 404 2458 dutiocvru.
451 2396 585 2455 Veterem
604 2393 762 2453 ecclesiam
781 2394 885 2451 soracti
906 2394 990 2451 Petri
1010 2404 1142 2472 tempore
1162 2392 1222 2453 lu-

109 2482 245 2540 stiniani
263 2483 373 2563 magni
393 2482 503 2539 Petrus
528 2478 656 2561 quidam
678 2480 833 2559 patricius
861 2474 1056 2557 aedificavit3
1086 2479 1137 2537 oni
1164 2499 1221 2537 oo-

107 2588 241 2646 gnomen
261 2577 328 2626 erut
348 2568 571 2626 Buarsimiono
593 2566 678 2644 Syro,
701 2566 758 2645 qui
777 2573 853 2623 tunc
870 2564 986 2621 mullos
999 2566 1097 2642 gessit
1117 2566 1222 2645 mogi-

109 2662 240 2712 stratur.
282 2652 507 2712 Praefecturam
527 2652 634 2710 aerarii
656 2648 789 2709 eundem
807 2646 1033 2708 administrasse
1045 2648 1137 2729 panio
1150 2658 1220 2729 post

109 2740 278 2819 Procopius
306 2746 531 2798 commemorat.
574 2738 627 2795 Bis
647 2736 836 2816 praelectum
857 2737 1023 2814 praetorio,
1051 2734 1098 2794 bis
1121 2737 1220 2794 comi·

109 2834 176 2884 tem
196 2826 390 2904 largitionum
409 2824 520 2898 fuisse,
551 2818 662 2882 diversi
683 2823 874 2881 novellarum
896 2820 977 2879 tituli
999 2818 1217 2879 demonstrant.

195 2912 232 2969 P.
255 2908 325 2987 124,
348 2912 399 2974 11·
443 2908 573 2968 Nomine
592 2906 746 2986 collector]
772 2908 871 2965 Locus
891 2907 924 2963 in
945 2906 1059 2963 Graeco
1081 2916 1127 2963 est
1148 2924 1218 2965 cor-

108 2997 312 3076 ruptissimus,
335 2991 433 3075 ὄνομα
452 2992 550 3067 τιθεὶς
566 2988 624 3072 τὴν
642 2993 755 3074 πρᾶξιν
775 2986 833 3069 seir
854 2985 1012 3070 συλλογήν,
1032 3010 1140 3048 norrun
1157 2992 1218 3047 im.

102 3101 223 3161 ponens
244 3084 289 3139 rei
313 3080 526 3139 collectionem.
569 3075 698 3153 Suidas,
722 3070 851 3159 συλλογὴ
873 3070 972 3155 ὄνομα
992 3067 1095 3157 α’ρχῆς.
1141 3074 1217 3134 Col·

106 3168 198 3226 leotio
219 3186 326 3225 nornen
349 3175 394 3223 eei
419 3167 634 3244 magistratus.

194 3252 232 3309 P.
257 3246 386 3325 126,1.
429 3250 501 3308 Ηοο
522 3268 601 3307 onus
620 3246 728 3311 uocari
754 3262 879 3305 annona
904 3240 1079 3323 consuevit]
1109 3239 1217 3302 (lodex

106 3337 332 3415 manuscriptus
359 3336 490 3394 Graecus
514 3331 606 3392 habet
632 3334 798 3407 susurris,
827 3339 858 3388 st
884 3328 963 3386 iufra
991 3322 1133 3408 οονωνῆι
1159 3323 1215 3387 sed

107 3433 272 3502 utrumque
303 3417 376 3501 quid
403 3416 472 3479 eati
500 3422 561 3478 Nos
583 3411 742 3497 duodone,
769 3436 824 3475 seu
845 3406 989 3476 α’ννοίνον
1007 3414 1156 3493 legimus,
1183 3421 1215 3472 et

107 3506 296 3587 interpretati
315 3524 438 3581 sumus,
469 3506 603 3584 apposite
625 3500 664 3561 ud
686 3521 763 3561 rem.
804 3500 861 3558 Ille
887 3499 1078 3579 librariorum
1100 3508 1145 3557 est
1164 3498 1215 3556 le-

106 3594 591 3736 iiuiioqiaiiniiffiudiii
608 3581 1213 3741 ffitltsslt‘tsshmittffi

106 3764 141 3821 in
161 3764 261 3821 littera
280 3766 310 3823 Σ
327 3764 428 3841 posuit
449 3780 556 3821 rocem
576 3752 716 3837 ουνωνή,
739 3753 798 3814 hac
817 3758 935 3832 integra
955 3750 1046 3813 huius
1067 3751 1213 3813 historiae

105 3847 257 3927 descripta
277 3850 428 3929 pericope.
471 3843 548 3905 Vide
568 3854 672 3903 notam
693 3839 732 3899 ad
752 3862 784 3921 p.
804 3842 876 3902 102.

190 3936 227 3992 P.
251 3936 329 4009 127,
351 3936 381 3997 9.
425 3930 526 3991 Nullo
547 3928 751 4009 propinquis,
781 3924 831 3984 vel
849 3924 960 3983 cuncis
980 3924 1015 3981 in
1043 3921 1100 3980 illo
1112 3922 1214 4001 firmo

104 4029 246 4099 certaque
276 4038 343 4099 opes
371 4013 593 4093 ostenderetur]
632 4014 677 4070 De
706 4011 883 4091 propinquis
919 4019 950 4069 et
981 4010 1212 4087 consanguineis

103 4106 191 4163 nullo
212 4104 280 4162 loco
300 4103 411 4162 habitis
429 4121 448 4160 a
466 4102 644 4175 lastiniam,
664 4097 733 4177 lege
755 4094 993 4155 coniurationem
1005 4095 1211 4170 Arsacianam,

103 4209 199 4273 quern
219 4191 383 4268 Procopius
404 4186 545 4247 describit
566 4185 589 4244 l.
611 4188 631 4247 3
653 4184 724 4242 bell.
747 4176 852 4241 ootrh.

188 4276 225 4333 P·
249 4276 320 4350 128,
342 4278 373 4339 6·
416 4272 585 4335 imminuta
599 4272 751 4351 pecunia,
775 4286 856 4347 quoe
875 4260 1076 4335 tribuendis
1096 4260 1195 4321 multo

101 4380 176 4423 runs
194 4358 284 4421 rebare
304 4362 474 4443 quotannis
493 4352 701 4439 impartiendo
720 4354 798 4433 erat]
823 4353 962 4413 Fortasse
982 4347 1042 4410 hoc
1061 4358 1108 4409 est
1129 4340 1212 4429 quod
