2959 4792
217 225 293 300 sto
383 223 389 240 ·
448 186 452 192 ’
567 225 613 294 ru
637 223 749 294 ruer.
773 222 969 294 nomm

217 391 387 470 cedrenus,
417 383 507 466 οὗτος
532 385 591 470 τὴν
615 393 672 456 rosi
698 382 836 472 osipusoe
855 380 1037 472 ἐκδρομήν
1057 381 1118 470 εἶχε
1137 383 1236 472 βραχύ
1252 385 1323 468 ’μεὶ-

218 483 290 555 tore
309 484 366 542 τοῦ
386 477 488 559 μέσον,
509 472 639 559 ἐρυθρὸς
658 471 716 557 τήν
735 471 844 558 χροιὰν
862 471 995 557 zenonis
1013 472 1066 536 sol
1084 467 1323 558 erineplorpooou

217 566 353 648 βλέπων,
381 563 434 627 eol
455 559 511 643 τήν
532 558 670 643 κεφαλήν
696 559 772 644 noir
791 554 898 641 κόμης
910 556 1022 634 κᾶλλος
1048 555 1155 643 μικρὸν
1176 557 1325 638 ἐψιλωμὲ·

217 674 285 730 νην.
328 648 403 708 Fuit
417 659 541 708 etoturo
556 649 693 728 eorporis
708 645 942 729 aliquantulum
962 641 1141 704 mediocrem
1161 643 1325 720 excedente,

219 737 316 795 colore
337 734 448 811 rubro,
470 745 595 814 aspectu
613 733 712 819 hilari
732 743 761 794 et
780 733 931 809 vereatili,
951 733 1051 812 cupite
1072 728 1118 790 od
1137 750 1242 790 comae
1252 730 1326 811 pul-

219 818 425 880 chritudinem
445 819 590 878 nonnihil
605 817 727 898 glabro.
776 819 885 879 Omnia
912 813 1096 896 respondent
1120 817 1325 895 Procopianae

220 905 433 984 descriptioni,
454 904 538 986 quod
558 924 630 964 vero
652 901 737 964 addit
758 901 913 964 cedrenus
933 901 973 961 de
994 921 1096 976 ooma,
1118 912 1149 960 et
1170 922 1205 960 oa
1225 903 1324 974 illitio,

218 989 440 1072 perpendemus
462 992 627 1049 accuratius
648 986 688 1049 ad
708 1010 741 1070 p.
761 988 815 1053 63.
855 989 939 1047 Fasti
951 985 1167 1048 Alexandrini:
1187 924 1226 1069 a?
1316 983 1326 1008 ‘

1212 983 1324 1066 νδὲη

220 1075 287 1140 tutu
311 1071 525 1140 'lovennensi
551 1079 608 1138 rosi
635 1071 780 1156 βασιλέως
805 1068 987 1153 κωνοειόἡς,
1018 1069 1185 1151 tinnitor,
1213 1067 1324 1148 maie,

215 1155 397 1243 ’ὄλιγόθρμξ,
419 1156 591 1240 irenside,
614 1152 822 1245 στρογγύλοψ,
842 1155 1013 1241 εὔμορφος,
1033 1151 1325 1240 ἆνθηροπρόσωπος,

219 1244 392 1329 tueretur,
415 1240 592 1328 μιξοπόλιος
611 1242 669 1326 τήν
689 1239 804 1328 stipor,
823 1241 858 1309 ri
875 1241 992 1326 γένειον
1012 1245 1123 1326 κείρων
1143 1243 1186 1318 οἱς
1207 1244 1241 1308 oi
1257 1241 1325 1305 ‘Pu-

219 1338 322 1414 μαῖοι,
352 1327 487 1412 ripaeos,
514 1325 691 1404 inileouoe.
740 1331 820 1390 oute
845 1331 1044 1391 luetinionue
1071 1327 1208 1388 rotunda
1230 1330 1326 1406 faeie,

242 1428 412 1493 eotoroeue,
438 1413 608 1494 oorsdidue,
628 1435 702 1475 roro
721 1415 851 1496 eupillo,
872 1415 1072 1491 reoolooeter,
1091 1413 1237 1473 rotundis
1256 1435 1327 1474 oou·

217 1439 279 1578 in,
304 1505 480 1580 formaene,
502 1499 793 1582 floridoaepeetu,
822 1497 1003 1576 subridere,
1031 1499 1202 1578 subcuntes,
1231 1510 1328 1558 mento

221 1609 316 1650 roeue
335 1591 399 1648 ritu
421 1589 648 1664 Romanunm,
676 1607 754 1648 noso
775 1588 873 1665 iurato,
899 1585 1058 1646 subalbue.
1099 1583 1163 1648 sed
1181 1583 1259 1644 haee
1279 1595 1330 1644 tu·

220 1674 382 1734 multuarie
413 1693 454 1731 ex
481 1671 607 1732 dirersis
635 1673 790 1734 autoribus
811 1669 884 1732 hino
911 1669 984 1732 inde
1011 1668 1152 1750 decerpta
1178 1669 1329 1730 ridentur.

221 1757 310 1830 Quod
340 1759 382 1818 ait
410 1767 508 1817 mento
534 1779 628 1818 roeue
654 1761 718 1818 ritu
738 1757 970 1834 Romanorum
998 1757 1043 1818 ita
1063 1757 1198 1816 Gentiles
1225 1776 1331 1816 omnes

222 1846 419 1923 imperatores
446 1854 514 1902 ente
543 1841 726 1918 Attanum,
757 1845 811 1925 qui
836 1853 913 1902 teste
935 1843 1035 1902 Dione
1061 1843 1179 1922 primus
1206 1842 1332 1900 barbam

222 1931 337 1987 nutrire
358 1930 476 2008 eoepit3
505 1940 574 2008 post
595 1929 827 1990 Constantinum
846 1929 982 1988 lulianus
1002 1930 1165 2008 Apertam,
1189 1930 1242 2008 qui
1264 1949 1332 1986 eam

223 2015 261 2074 ob
284 2033 350 2072 rem
369 2016 403 2072 in
415 2013 622 2074 Anuoehenos
642 2008 847 2096 peoonto'ytoro
867 2013 997 2093 scripsit.
1038 2016 1113 2072 Post
1132 2017 1333 2074 lastinianum

221 2101 337 2178 passim
358 2101 465 2160 Graeci
494 2101 690 2180 imperatores¹
719 2100 848 2160 barbati.
888 2102 983 2159 Porro
1012 2099 1168 2156 calvitimn
1187 2102 1221 2156 in
1241 2101 1335 2158 Iusti-

221 2187 331 2260 niano,
358 2186 493 2261 nummi,
523 2196 659 2244 extremo
682 2187 747 2245 eius
774 2185 904 2264 imperio
926 2185 991 2243 ousi
1011 2186 1138 2242 minime
1160 2183 1334 2244 ostendunt.

223 2271 299 2329 Eine
321 2268 398 2329 haee
417 2272 519 2349 imago
542 2281 604 2347 est,
632 2273 794 2331 Ravennae
822 2267 955 2330 seeundo
983 2278 1013 2328 et
1039 2271 1186 2350 vigesimo
1213 2271 1336 2351 imperii

224 2371 303 2414 auno
324 2359 444 2416 musivo
467 2375 557 2436 opere
579 2375 732 2436 expressa.
778 2353 859 2434 [Viti.
879 2355 933 2435 fig.
957 2355 998 2434 1.]

132 2443 209 2498 tas
310 2442 348 2500 Ρ.
370 2439 421 2517 65,
443 2442 474 2503 6·
518 2443 565 2502 Ne
584 2442 765 2502 Domitiani
783 2461 900 2520 nomen,
923 2439 973 2499 uel
990 2449 1102 2498 eratne
1121 2439 1190 2498 ullo
1209 2439 1336 2519 exteret]

119 2511 213 2570 P1²⁰
227 2524 410 2600 Suetonius,
431 2535 556 2587 eenotue
576 2525 651 2586 odeo
666 2529 803 2588 laetatus
823 2537 879 2602 eet,
898 2536 935 2585 ut
955 2534 983 2584 et
1002 2525 1107 2583 scalae
1128 2527 1249 2602 inferri,
1270 2526 1336 2604 ely·

219 2631 364 2692 peoeque,
383 2622 412 2670 et
432 2614 584 2691 imaginor
602 2615 668 2672 eius
689 2632 796 2672 eororn
809 2609 941 2687 detrahi,
962 2620 992 2669 et
1011 2608 1123 2670 ibidem
1139 2608 1207 2669 loco
1228 2613 1338 2691 affligi

209 2695 358 2774 iubent,
394 2699 557 2757 norieeime
589 2695 758 2758 erodendoe
789 2697 904 2778 ubique
934 2695 1062 2775 tituloe,
1097 2693 1339 2776 abolendamque

227 2801 343 2840 omnem
371 2787 547 2842 memoriam
575 2781 752 2846 decerneret.
799 2781 888 2842 Idem
914 2782 1036 2843 uberius
1067 2782 1148 2842 Plin.
1175 2783 1210 2841 in
1236 2785 1339 2843 Pane·

227 2885 344 2947 gynoo.

312 2955 348 3012 Ρ.
370 2949 494 3026 65,10.
536 2953 617 3012 Erat
633 2949 831 3031 Domitiano]
852 2953 935 3013 Haeo
954 2971 1035 3012 nnus
1057 2953 1196 3013 omnium
1212 2949 1338 3012 histori-

229 3055 333 3095 corum
352 3039 516 3117 Procopius
537 3038 643 3096 refert:
671 3055 745 3096 nam
763 3040 847 3098 neoie
867 3038 1039 3099 Domitiani
1056 3041 1209 3098 oonsoiam
1227 3040 1338 3098 Domi-

227 3123 304 3180 tiam
325 3124 486 3201 ooniugem
506 3123 601 3182 fuisse
622 3124 758 3184 soribunt
776 3125 836 3184 Dio
857 3125 995 3199 Caesius,
1015 3121 1234 3200 Philostratus,
1255 3125 1337 3184 Sex-

227 3215 277 3266 tus
297 3207 448 3282 Aurelius,
471 3209 617 3286 Georgius
639 3209 809 3288 Synoellue,
835 3220 866 3269 et
886 3211 940 3268 alii
960 3211 1077 3285 Graeci,
1098 3213 1261 3291 Latinique
1281 3230 1340 3268 an·

227 3301 320 3354 tores.
361 3293 408 3352 De
436 3292 501 3352 eius
528 3293 636 3352 funere
662 3304 764 3352 narrat
790 3293 868 3354 haee
895 3295 1077 3373 Suetonius,
1112 3293 1246 3354 cadaver
1273 3298 1341 3353 etue

223 3377 374 3457 populari
396 3377 567 3457 eondapilo
591 3399 647 3458 per
675 3379 842 3460 verpilonee
868 3390 1063 3460 reportatum
1082 3381 1208 3460 Phyllis
1235 3383 1342 3439 nutrix

227 3464 263 3522 iu
289 3463 465 3524 anburbono
493 3485 551 3522 suo
573 3466 693 3524 Latina
721 3467 777 3527 uio
794 3464 970 3544 furer-avit.
1012 3469 1095 3526 Haeo
1116 3478 1220 3525 tamen
1246 3465 1341 3524 fidem

227 3549 433 3628 Prooopimae
453 3551 617 3612 narrationi
637 3569 699 3612 non
721 3553 881 3626 minuunt,
911 3571 981 3611 oum
1004 3554 1034 3610 ei
1059 3563 1164 3611 eontra
1190 3549 1270 3611 nihil
1289 3550 1341 3608 di-

230 3645 317 3709 oant3
349 3645 379 3695 et
398 3636 564 3695 Domitiani
591 3655 717 3694 aeneam
737 3639 904 3716 imaginem
932 3647 1019 3696 autor
1049 3635 1090 3696 ad
1121 3658 1176 3697 sua
1201 3648 1342 3716 tempora

229 3718 261 3776 iu
284 3721 363 3780 cliro
384 3722 555 3801 Capitolino
583 3731 702 3781 extaase
731 3723 877 3801 affirmet,
904 3719 964 3782 hoo
989 3725 1093 3803 ipsum
1120 3720 1203 3803 quod
1228 3733 1340 3795 narrat,

123 3809 211 3866 vsu
229 3815 513 3882 repraesentantem,
535 3825 598 3866 non
620 3808 720 3866 solum
738 3808 854 3883 forma,
875 3805 932 3868 sed
952 3810 1046 3868 etiam
1065 3811 1209 3888 inscripto
1230 3809 1340 3866 titulo:

229 3907 302 3946 nean
329 3891 388 3947 fuit
407 3893 572 3970 Procopius
600 3890 694 3952 homo
717 3897 872 3953 Romanae
896 3897 1084 3974 antiquitatis
1107 3896 1341 3967 curiosissimus,

231 3983 264 4031 ut
284 3977 399 4052 passim
426 3977 459 4034 in
479 3978 564 4036 libris
586 3976 624 4036 de
648 3979 729 4039 bello
751 3977 855 4040 Gotth.
877 3981 1023 4058 singulari
1045 3977 1204 4059 diligentia
1225 3978 1342 4038 deseri-

230 4061 325 4138 pserit
344 4059 427 4118 urbis
448 4063 585 4137 moenia,
605 4075 723 4143 portes,
746 4065 880 4140 eloaoas,
901 4069 981 4141 vise,
1004 4064 1157 4141 aedificia,
1179 4065 1343 4136 suburbia3

230 4144 393 4226 nullusque
412 4145 467 4205 illo
490 4149 626 4208 exactius
647 4161 846 4232 prosequatur
865 4152 948 4211 riam
967 4153 1114 4232 Appiam,
1140 4155 1262 4211 Aeneae
1282 4170 1344 4207 na-

230 4231 366 4308 vigium,
396 4233 588 4294 mausoleum
607 4233 751 4313 Adriani,
783 4237 871 4298 boris
890 4238 1063 4318 Myroniani
1081 4241 1204 4322 signum
1220 4239 1254 4296 iu
1274 4237 1344 4296 forn
