2959 4792
465 260 610 334 NOTAE
635 262 859 336 lLlllllllllll.
1141 267 1220 342 369

107 432 198 492 ιιίαιιί
217 425 278 490 tibi
297 427 374 491 dem
397 449 498 491 musae
523 449 689 512 cumpace
709 426 873 504 sonatan
901 451 976 492 uam
1002 433 1092 491 iltius
1121 453 1220 494 aona.

131 519 201 575 iata
221 527 252 576 et
272 518 412 597 amplius
432 519 511 577 aurei
526 517 671 598 suerunt,
697 515 864 577 Theodoeii
882 537 954 578 vero
975 521 1217 600 quinquaginta.

106 539 168 662 lto
194 612 268 662 uota
296 595 322 666 li
352 623 465 684 repono
487 621 550 664 non
572 600 772 680 dissimilem,
802 601 964 685 eidemque
990 606 1166 685 proximam
1186 610 1221 666 in

108 685 214 748 ordine
235 707 432 749 numerorum
451 709 488 761 ιτ,
515 699 551 748 nt
572 691 634 749 sint
654 691 727 748 anni
747 691 919 768 octoginta,
947 709 1055 749 vereor
1075 694 1158 750 enim
1180 711 1221 751 ne

107 775 141 832 in
169 792 206 832 eo
237 773 354 834 scholio
381 773 528 835 mendum
555 776 612 850 sit,
651 776 703 834 rel
728 775 763 833 in
791 777 976 836 Venetorum
1003 777 1221 838 acclamatione

108 857 255 919 adulatio.
298 863 377 919 Nam
404 872 440 920 ut
461 862 626 939 nonaginta
645 861 806 920 lastiniani
831 863 913 920 ritae
940 880 1035 920 annos
1064 872 1222 943 compute·

107 962 190 1019 mus,
212 942 344 1004 addendi
365 955 436 1006 sunt
448 944 488 1004 ad
500 965 613 1006 norem
634 956 724 1027 atque
737 948 863 1025 triginta
883 948 949 1006 eius
969 950 1100 1027 imperii,
1122 969 1221 1007 uuum

108 1040 141 1088 et
163 1033 400 1111 quinquaginta:
429 1035 514 1113 atqui
541 1033 640 1090 virum
666 1033 758 1092 unius
779 1042 810 1090 at
831 1034 1051 1114 quinquaginta
1072 1053 1221 1093 annonam

108 1126 211 1174 aetate
237 1119 389 1176 iuniorem
414 1119 580 1196 Procopius
606 1119 734 1176 minime
764 1115 903 1176 dixisset.
952 1121 1159 1197 Quamquam,
1185 1127 1222 1178 ut

107 1201 202 1280 plane
221 1203 327 1282 liquet,
350 1219 412 1262 non
432 1211 500 1262 tum
522 1213 620 1262 aetate
640 1204 792 1261 iuniorem
810 1203 906 1262 tuisse
927 1200 999 1261 dicit
1018 1206 1221 1263 lastinianum

107 1287 285 1366 Procopius,
307 1307 378 1346 uun
400 1288 511 1348 Caesar
533 1285 700 1347 declaratus
722 1298 787 1362 est3
806 1285 861 1348 sed
882 1307 953 1347 oum
973 1290 1089 1366 inipso
1111 1291 1222 1347 Iustini

108 1375 296 1451 principatus
326 1371 452 1432 exordio
481 1392 537 1454 per
562 1373 737 1448 licentiam,
769 1375 821 1432 vel
848 1375 999 1432 avunculo
1026 1378 1219 1454 permittente
1235 1375 1313 1434 122

108 1457 171 1516 sibi
191 1457 483 1517 administrationem
502 1461 624 1537 imperii
644 1460 794 1521 sumebat.
837 1457 963 1530 mando
986 1463 1137 1541 spurcicia
1161 1454 1222 1522 οἷν·

106 1544 219 1622 atym
239 1547 296 1624 τῆς
316 1544 484 1620 πολιτείας,
512 1563 593 1602 cum·
600 1553 752 1623 potestate
773 1543 993 1624 rempublicam
1017 1544 1159 1624 genebat,
1185 1555 1222 1606 ut

98 1629 242 1708 cyrillus
271 1627 537 1709 scythopolitanus
567 1629 710 1710 loquitur.
753 1629 846 1688 tune
871 1648 943 1691 vero
971 1640 1120 1710 quantum
1146 1649 1221 1690 con·
1333 1629 1342 1645 ‘

107 1713 225 1772 iectura
249 1717 370 1794 assequi
395 1733 575 1794 possumus,
608 1717 732 1774 tertium
758 1724 790 1783 et
814 1715 1008 1794 trigesimum
1037 1719 1142 1774 aetatis
1164 1735 1221 1774 an-

106 1817 187 1858 uum
211 1801 394 1860 lastinianus
424 1799 543 1878 agebat.
591 1802 670 1859 Nam
698 1798 755 1858 sub
783 1798 877 1858 finem
903 1803 1055 1860 Anmtasii
1081 1800 1222 1860 domina-

107 1894 161 1944 tus
183 1887 364 1966 Byzantium
385 1888 504 1944 venisse
528 1886 729 1944 lastinianum
756 1887 920 1963 trigenario
945 1889 1093 1944 maiorem
1113 1884 1223 1944 Theo-

106 1967 215 2050 philus
238 1974 302 2030 eius
322 1981 499 2052 praeceptor
518 1969 659 2028 affirmat.
703 1973 740 2026 ln
761 1970 888 2030 obscuro
903 1971 1028 2051 quidem
1048 1980 1095 2051 est
1114 1991 1221 2047 annus,

108 2065 141 2114 et
171 2057 360 2130 consulatus3
390 2054 455 2115 dies
481 2073 554 2114 vero
575 2056 733 2113 Iustiniani
759 2057 914 2113 natalitius
941 2057 1001 2114 fuit
1021 2059 1128 2136 quinto
1148 2054 1221 2115 Idus

107 2141 202 2216 Maii,
233 2139 385 2221 ludosque
406 2161 442 2200 ea
470 2138 519 2198 die
541 2141 724 2214 celebratos,
753 2137 836 2218 apud
855 2137 1080 2219 Theophanem
1100 2151 1221 2200 notatos

106 2223 207 2284 habes
229 2225 270 2284 ad
290 2245 405 2284 annum
425 2226 608 2304 vigesimum
626 2227 777 2304 primmn,
808 2235 839 2284 et
863 2227 1047 2304 vigesimum
1068 2237 1222 2285 actarum.

105 2310 287 2372 Ridiculum
313 2321 360 2370 est
380 2318 588 2370 commentum
615 2311 787 2389 interpretis
809 2309 849 2370 ad
875 2330 912 2369 ea
933 2313 1025 2370 rerba
1047 2311 1160 2370 Suidae
1187 2314 1222 2369 in
1300 2299 1307 2318 '

105 2417 185 2458 voce
204 2395 412 2478 Τυμβογίρων.
455 2392 524 2475 llud
545 2390 602 2463 ad'.
626 2393 644 2458 ὁ
663 2392 697 2458 δὲ
712 2389 923 2470 Ἰουστινιανὸς
943 2395 964 2460 o‘
985 2393 1126 2476 βασιλεύς
1146 2420 1224 2477 τυμ-

105 2481 247 2566 βογίρων
267 2474 310 2563 ἦν
330 2479 404 2562 ἤδη.
446 2481 519 2540 Noa
540 2489 672 2556 constat,
700 2481 818 2560 iuquit,
846 2479 927 2559 quid
945 2481 1007 2540 etti
1033 2484 1127 2545 velint
1147 2481 1223 2540 baec

105 2564 171 2650 ruod
192 2561 249 2630 κδ’.
272 2565 309 2626 id
328 2577 382 2643 eet,
404 2576 475 2625 aute
494 2567 608 2646 viginti
629 2575 783 2644 quatuor.-
803 2567 931 2626 fortasse
951 2566 1125 2646 legendum,
1149 2565 1167 2631 ὅ
1188 2565 1222 2630 δὲ

107 2649 254 2735 βασιλεία
279 2645 486 2725 Ἰοαοτινιανός
512 2647 573 2734 ποί
598 2644 654 2715 ad'.
676 2649 754 2713 ἐτοῖν
780 2641 823 2728 ἦν
842 2651 1051 2735 τυμβογίρων,
1080 2654 1139 2711 hoc
1166 2664 1221 2728 eet,

107 2739 310 2800 lastinianus
331 2747 433 2796 autem
456 2739 622 2817 imperator
643 2747 716 2795 ante
735 2737 918 2816 vr'gear'mam
939 2750 1089 2817 quartum
1109 2737 1224 2796 aetatis

108 2843 230 2883 anuum
259 2833 325 2881 erat
357 2824 422 2880 iam
454 2833 489 2879 ut
517 2843 604 2880 senex
633 2819 813 2900 decrepitus.
854 2826 978 2901 Nugae,
1011 2822 1121 2883 Suidas
1152 2825 1224 2881 citat

106 2907 207 2970 huius
234 2905 376 2967 historiae
405 2906 498 2966 rerba
527 2905 566 2964 ad
593 2927 625 2986 p.
646 2909 699 2969 29.
741 2906 859 2965 Deinde
882 2906 919 2965 de
940 2911 1055 2968 Iustino
1075 2910 1326 2988 loquitur,P105

106 3014 175 3054 non
206 2991 244 3052 de
270 2995 448 3052 Iustiniana.
490 2993 613 3066 Tertio,
646 2989 737 3051 dictio
767 2991 1004 3073 compendiaria,
1039 3011 1133 3073 qaam
1163 2996 1222 3052 iste

106 3081 319 3139 numerarium
340 3087 444 3137 notam
463 3078 684 3157 interpretatur,
705 3079 845 3158 Procopii
864 3080 996 3138 nominis
1018 3077 1117 3159 (cuius
1130 3079 1222 3137 rerba

107 3162 257 3242 citantur)
280 3162 493 3242 compendium
514 3173 578 3236 est3
600 3165 643 3220 ita
664 3165 777 3238 Προκό.

198 3251 235 3308 P.
254 3246 306 3325 45,
330 3249 383 3313 10.
428 3249 490 3326 Qui
510 3266 663 3318 summam
684 3245 901 3306 moderabatur
921 3248 1060 3326 imperii]
1089 3245 1126 3305 ld
1148 3267 1223 3305 oon·

105 3345 174 3398 stat
194 3355 236 3393 ex
256 3337 339 3409 loco,
367 3353 459 3414 quem
480 3334 572 3412 paulo
594 3343 663 3391 aute
684 3331 808 3392 laudavi
827 3332 851 3391 l.
878 3337 893 3394 1
918 3330 954 3390 de
976 3333 1048 3391 bell.
1070 3332 1168 3392 Vand.
1190 3341 1222 3390 et

105 3443 155 3482 ex
178 3421 239 3480 alio
267 3420 290 3479 l.
314 3424 331 3482 1
360 3417 399 3478 de
420 3417 512 3477 aedit.
534 3419 589 3476 nbi
609 3421 858 3478 restaurationem
883 3418 991 3496 templi
1010 3415 1222 3476 Blachemiani

104 3527 127 3566 a
152 3509 270 3565 Iustino
290 3505 402 3563 factam
422 3507 587 3564 Iustiniana
608 3505 713 3583 nepoti
733 3503 869 3563 tribuens
888 3505 1068 3582 Procopius,
1096 3505 1140 3561 sic
1156 3522 1222 3560 rem

106 3602 260 3665 excusat,
290 3589 372 3672 quod
393 3593 426 3648 in
447 3591 602 3669 impressis
624 3607 685 3646 non
705 3586 845 3647 habetur.
888 3582 973 3673 stirpi
992 3584 1050 3670 ydp
1071 3586 1225 3669 λογιστέον

102 3677 168 3743 eat
188 3673 227 3738 roi
246 3671 397 3762 Ἰοοστίνῳ
420 3672 600 3758 εἰργασμένα
618 3677 660 3758 τῷ
677 3675 764 3758 θείῳ,
786 3669 851 3737 trel
872 3671 925 3735 stul
946 3665 1043 3735 ου’τοῦ
1060 3669 1119 3755 τήν
1134 3674 1225 3753 βασι-

103 3764 201 3828 λείαν
227 3756 296 3824 κατ’
317 3759 458 3836 ἐξουσίαν
482 3753 572 3834 ao’rdc
600 3759 747 3843 διῳκεῖτο.
789 3759 874 3819 Nam
893 3760 1086 3829 Iustiniana,
1113 3759 1223 3840 inquit,

102 3843 320 3909 adscribenda
339 3855 412 3906 sunt
430 3845 547 3905 Iasttnt
569 3844 717 3904 avuncule·
734 3855 834 3923 grata,
856 3864 927 3902 oum
946 3843 1042 3902 lesdas
1062 3845 1226 3922 imperium

103 3935 171 3994 ille
196 3953 320 3991 summa
341 3935 509 3990 autoritate
534 3927 777 3992 administraret.
818 3931 860 3988 Et
879 3929 1010 4009 cyrillus
1031 3929 1225 4009 Scythopoli-

102 4030 208 4080 tanus
235 4020 279 4076 ait
300 4019 502 4076 lastinianum
529 4025 693 4095 antequam
723 4015 833 4074 Caesar
860 4017 1102 4092 renunciaretur,
1129 4015 1225 4074 irrisae

101 4103 287 4185 πατρίκιον,
305 4097 433 4179 iamet,
454 4096 627 4186 στρατηγὸν,
647 4097 699 4162 sat
717 4101 780 4163 coir
799 4104 856 4181 τῆς
872 4101 1024 4175 πολιτείας
1039 4098 1226 4184 πραγμάτων

101 4193 268 4274 namatus
288 4181 501 4268 α’ντεχόμενον,
527 4188 717 4266 patricium,
747 4187 900 4247 muralem
905 4230 916 4267 ,
937 4183 1046 4246 ducem
1066 4189 1225 4262 exercitus,

101 4288 139 4338 et
166 4295 241 4334 cum
258 4271 408 4352 potestate
427 4273 645 4354 rempublicam
664 4273 785 4334 rexisse.

154 4367 305 4435 Procopius
327 4365 381 4420 lll.
978 4353 1020 4418 24
