2959 4792
537 306 682 375 NOTAE
705 307 932 430 uantum
1209 308 1286 387 899

503 504 963 572 Maarnrusrun

176 619 345 681 Proconsul
363 620 549 683 lastinianus
571 624 792 706 Cappadociae.
833 630 953 690 Novell.
973 633 1029 697 30.

175 705 349 769 Moderatus
370 710 553 769 lastinianus
575 713 790 794 Helenoponti.
832 716 952 775 Novell.
973 720 1028 783 28.

176 790 349 851 Moderator
367 793 551 855 lastinianus
572 798 713 858 Arabiae.
756 800 876 858 Novell.
895 801 969 863 102.

176 882 322 951 Quaestor
339 879 524 940 lastinianus
548 884 709 943 exercitus.
752 884 871 944 Novell.
892 884 946 949 41.

175 964 555 1107 Prpeprctiunlustinianus
575 968 713 1029 militurn
734 970 851 1049 Mysiae
876 981 908 1029 et
926 968 1084 1054 scythiae.
1125 974 1244 1037 Novell.
1267 976 1286 1037 l

234 1069 269 1107 ll!
294 1069 327 1105 nl
377 1090 387 1107 ο

175 1136 299 1193 Praetor
319 1134 504 1193 lastinianus
525 1133 669 1197 Pisidiae.
710 1138 831 1197 Novell.
852 1136 908 1203 24.

174 1222 300 1279 Praetor
320 1221 504 1305 lastinianus
525 1218 687 1281 Thraciae.
729 1223 848 1282 Novell.
869 1227 923 1289 26.

174 1307 299 1364 Praetor
320 1306 503 1363 lastinianus
523 1306 704 1384 lycaoniae.
747 1310 865 1367 Novell.
884 1308 937 1372 25.

174 1392 300 1449 Praetor
321 1393 505 1449 lastinianus
526 1391 763 1472 Paphlagoniae.
805 1396 923 1453 Novell.
944 1393 999 1456 29.

175 1477 284 1535 Comes
304 1477 488 1535 lastinianus
509 1473 660 1557 Phrygiae
681 1480 871 1537 Pacatianae.
914 1480 1032 1539 Novell.
1054 1476 1108 1545 21.

176 1562 284 1621 (lomes
304 1560 487 1619 lastinianus
510 1563 626 1639 primae
651 1565 798 1623 Galatiae.
841 1566 959 1624 Novell.
980 1564 1034 1630 24.

176 1648 285 1705 Comes
306 1646 489 1704 lastinianus
511 1647 654 1707 Isauriae.
697 1652 817 1709 Novell.
837 1652 893 1713 27.

175 1733 285 1793 Comes
306 1732 490 1791 lmtiuianas
508 1735 614 1794 tertiae
635 1722 809 1797 hrmeuiae.
850 1735 970 1796 Norell.
991 1736 1044 1801 81.
1159 1791 1163 1797 .

591 1888 868 1948 ltlrnsrss.

175 2000 304 2067 Vandali
323 2002 482 2063 lastiniani
502 2004 687 2081 stationarii,
711 2007 821 2086 quibus
840 2015 911 2087 post
930 2001 1119 2086 triumphum
1139 2004 1286 2066 Vandali-

218 2110 298 2163 cum,
321 2087 472 2169 praesidia
490 2091 523 2147 iu
540 2092 656 2150 oriente
674 2093 838 2151 consatait.
881 2094 1008 2171 Procop.
1023 2094 1046 2150 1.
1061 2094 1082 2154 2
1100 2093 1173 2150 bell.
1188 2091 1286 2152 Vand.

172 2178 242 2235 Non
263 2195 354 2234 suam
373 2173 466 2234 modo
482 2178 665 2237 lastinianus
681 2196 804 2253 nomn,
826 2174 882 2237 sed
903 2179 995 2235 etiam
1009 2174 1189 2237 Theodorus
1211 2197 1286 2236 cou-

217 2262 298 2339 iugis
324 2262 367 2319 ita
395 2259 513 2321 studuit
538 2262 762 2323 immortalitati
788 2260 1020 2338 commonitus,
1050 2261 1133 2345 quod
1157 2263 1285 2323 minime

218 2346 329 2405 referre
371 2347 383 2404 i
404 2356 445 2405 et.

173 2366 370 2491 TheodoriadJ
383 2364 457 2491 drbs
481 2448 576 2511 prope
597 2428 813 2511 Carthaginem
831 2451 963 2509 acram,
993 2432 1069 2493 obm
1089 2428 1170 2493 diota
1188 2433 1284 2512 Baga.

215 2519 311 2575 Proco
334 2556 343 2574 .
365 2518 388 2576 1.
410 2518 431 2579 6
453 2515 545 2576 aedil.

173 2538 365 2661 Theodorias
386 2602 458 2661 urbs
478 2604 511 2661 iu
533 2600 698 2661 confinibus
721 2598 887 2662 colchidis.
928 2598 1042 2683 Agath.
1063 2603 1088 2661 l.
1109 2600 1143 2667 5.

173 2685 365 2748 Theodorias
385 2688 456 2747 urbs
477 2689 511 2747 iu
531 2690 602 2747 Asia
624 2690 744 2747 minori.
787 2685 904 2768 Synod.
926 2686 1030 2748 const.
1050 2688 1090 2749 V.

174 2771 418 2852 Theodoropolis
441 2771 520 2831 dicta
541 2772 701 2831 Laodicea.
744 2771 824 2831 lbid.

173 2856 418 2937 Theodoropolis
438 2858 510 2917 arbs
530 2860 563 2915 in
584 2858 726 2918 Thracia.
770 2860 899 2937 Procop.
918 2858 942 2917 l.
963 2853 985 2920 4
1006 2854 1100 2917 aedil.

173 2940 416 3022 Theodoropolis
437 2941 622 3022 praesidium
645 2942 683 3003 ad
705 2944 889 3002 Danubium.
931 2941 1059 3001 Ibidem.

173 3025 418 3108 Theodoropolis
440 3030 598 3087 castellam
618 3032 650 3088 in
672 3027 814 3089 Thracia.
857 3026 985 3087 Ibidem.

173 3111 337 3174 Theodora
359 3112 505 3194 oppidum
526 3116 560 3172 iu
581 3116 674 3173 altera
695 3115 828 3173 Danubii
846 3116 923 3192 ripa.
965 3109 1094 3172 Ibidem.

173 3197 406 3260 Theodoriauae
426 3200 558 3258 Balneae
583 3202 617 3258 iu
636 3200 749 3259 Africa.
791 3202 919 3278 Procop.
941 3199 964 3257 l.
986 3202 1008 3263 6
1029 3194 1121 3256 aedis.
1163 3196 1204 3255 Ut
1223 3213 1283 3254 nc·

217 3288 316 3359 mina,
338 3287 382 3344 sic
403 3295 434 3343 et
453 3286 601 3363 imagines
622 3286 735 3365 abique
756 3286 790 3343 in
809 3287 937 3365 imperio
958 3286 1096 3343 Romano
1118 3281 1283 3352 extabaut;

216 3368 309 3451 idque
329 3372 444 3449 passim
465 3382 607 3430 cararum
627 3370 751 3449 subditi,
775 3390 845 3429 carn
866 3389 954 3430 suam
974 3358 1157 3428 lastidianus
1178 3367 1230 3425 rel
1249 3368 1283 3423 in

217 3457 327 3536 patinis
348 3450 542 3538 poculisque,
563 3476 600 3515 ac
620 3458 701 3519 vasis
722 3457 833 3517 caelari
852 3457 947 3518 vellet
963 3454 1115 3535 effigiem,
1136 3462 1171 3513 at
1190 3450 1284 3511 refert

217 3543 364 3620 (lorippas
385 3541 463 3601 libro
485 3543 585 3601 tertio.

279 3629 389 3685 Aurea
404 3629 575 3707 purpureis
595 3636 755 3706 apponunt
766 3625 893 3706 serenda
913 3626 1027 3685 mersam

278 3709 418 3771 Pondere
437 3732 631 3792 gemmarum
646 3714 725 3794 plus
743 3714 872 3791 gravia.
913 3713 1023 3771 Pium
1043 3707 1158 3789 ubique

281 3797 572 3858 lassescamus.

259 3883 295 3941 P.
311 3886 364 3957 71,
389 3887 438 3950 13.
489 3884 530 3941 Ut
551 3885 656 3942 omniu
674 3904 756 3943 nova
776 3879 862 3941 etde
883 3901 939 3940 suo
960 3880 1083 3939 nomme
1103 3875 1288 3954 dicerentur]
1387 3884 1393 3906 ·

173 3966 287 4027 Verum
306 3970 523 4048 imperatorum
542 3970 666 4028 uomina
685 3968 834 4041 abolevit,
856 3977 890 4025 ut
907 3986 999 4027 saum
1018 3963 1191 4039 induceret3
1212 3982 1286 4021 nara

174 4050 343 4114 Theodosii
366 4056 470 4134 magni
491 4066 590 4114 statua
612 4065 770 4133 argentea,
792 4063 827 4111 ut
847 4052 939 4111 refert
958 4054 1110 4125 Zonaras,
1137 4070 1155 4109 e
1177 4066 1285 4128 super-

173 4136 298 4198 bissima
320 4141 462 4201 columna
486 4138 633 4215 detracta,
664 4160 752 4200 suam
776 4149 948 4220 equestrem
972 4138 1134 4218 imposuit,
1164 4133 1285 4213 deque

174 4234 260 4287 extat
288 4225 437 4285 Graecina
466 4228 664 4307 epigramma.
714 4228 875 4285 Praeterea
902 4244 994 4284 snum
1022 4241 1135 4283 nomen
1162 4218 1285 4299 publice

173 4310 265 4370 scribi
285 4310 400 4388 voluit,
428 4314 565 4373 omnim
592 4314 656 4373 iere
685 4323 859 4375 exterarum
879 4312 1016 4391 gentiam
1037 4326 1074 4369 ac
1100 4307 1283 4387 popularem
