2959 4792
501 226 645 295 norm
670 222 894 295 tunulum
1174 222 1251 299 423

138 388 211 447 lime
232 385 445 466 disseruimus,
474 410 546 449 cum
567 388 605 450 de
625 388 751 452 historia
775 388 834 451 hac
855 388 930 472 quid
952 387 1149 467 sentiremus,
1175 411 1249 472 pro-

138 474 362 535 nunciavimus.
405 476 589 537 lustinienue
619 497 690 537 reru
723 496 787 537 uon
819 474 889 537 ideo
922 473 1137 557 vituperandus
1164 476 1249 559 quod

139 562 336 638 pugnaverit,
358 571 392 619 ut
413 564 446 620 in
466 580 559 621 unam
581 582 685 623 omnes
708 565 903 623 convenirent
923 560 962 622 de
984 560 1103 622 Glrrism
1123 573 1249 622 senten-

140 646 235 718 tiam,
262 643 317 703 sed
337 648 409 726 quia
438 645 472 705 id
491 659 526 706 ut
547 650 671 707 antistes
699 659 728 707 et
750 648 896 709 ecclesiae
918 646 1023 709 doctor
1043 647 1142 727 egisse
1162 650 1248 709 risus
1375 641 1381 654 '

140 738 197 804 est,
219 748 281 788 nou
302 742 337 789 nt
357 734 536 811 imperotor3
556 736 645 793 sicuti
665 734 861 793 menifestum
879 736 936 793 erit
957 754 998 793 ex
1018 734 1056 792 iis
1075 751 1154 813 quue
1167 734 1249 794 infre

139 811 181 872 ad
202 814 297 957 pff
323 818 512 896 notabimus,
539 830 569 879 et
596 821 689 899 paulo
711 830 781 879 ante
805 838 847 879 ex
866 817 1009 879 Facundo
1029 818 1248 879 Hermionense

140 910 226 959 osten
250 902 257 917 '
292 920 339 961 us.
813 926 816 934 ¹

224 988 262 1043 P.
279 984 331 1062 84,
354 985 384 1051 4.
432 984 530 1047 Haud
548 1006 608 1046 eece
623 985 825 1048 homicidium
844 996 944 1065 ναίω,
965 982 1053 1069 quod
1070 989 1104 1046 t'tt
1126 988 1248 1049 allona

140 1071 294 1149 opinionie
313 1073 480 1151 populum
506 1076 758 1154 committeretur]
790 1077 964 1134 Haereticos
991 1084 1129 1132 extremo
1153 1076 1262 1133 etiem*

140 1156 290 1235 supplicio
319 1156 487 1238 puniendoe
516 1178 674 1238 perperam
695 1157 746 1218 hic
770 1171 862 1239 neget
881 1160 1063 1239 Procopius,
1089 1168 1124 1217 ut
1145 1177 1186 1217 ex
1205 1161 1245 1219 iis

140 1259 220 1321 quae
241 1239 332 1321 adp.
354 1243 394 1306 51
415 1244 587 1303 notavimus
610 1246 803 1324 perspicuum
825 1255 879 1304 est.
921 1245 1060 1304 Fortasse
1076 1239 1116 1301 de
1131 1241 1247 1303 Catho-

140 1327 268 1385 licorum
296 1326 437 1387 caedibus
465 1326 564 1388 dicere
590 1332 700 1403 voluit,
732 1333 785 1411 qui
809 1328 1012 1409 discreparent
1039 1348 1058 1387 u
1085 1329 1246 1388 Iustiniani

139 1414 283 1490 opinione
311 1411 350 1471 de
376 1414 549 1493 incorrupto
576 1412 686 1473 Christi
715 1434 855 1494 corpore,
889 1412 928 1473 de
955 1414 1051 1473 tribus
1087 1414 1245 1493 capitibus,

138 1506 302 1577 antequam
330 1500 434 1579 quinta
462 1497 595 1580 synodus
624 1499 838 1576 celebraretur,
871 1511 906 1559 ut
931 1500 1011 1558 inire
1040 1496 1176 1560 dicemus
1204 1497 1245 1559 ad

222 1670 260 1727 P.
279 1665 331 1743 84,
355 1670 407 1733 18.
453 1667 659 1727 i'rldom'auue
678 1670 776 1729 vereri
795 1689 828 1728 ee
845 1668 1029 1730 vehementer
1049 1668 1242 1747 affirmabat,
1258 1670 1284 1727 P
1302 1672 1354 1731 142

137 1772 175 1811 ne
196 1751 233 1811 ob
252 1752 446 1832 singularem
467 1754 615 1833 pietatem
635 1757 670 1812 in
697 1755 815 1814 coelrun
836 1757 1003 1835 improuiso
1024 1750 1245 1833 curriperetur]

137 1836 307 1918 Hesychius
323 1838 459 1897 Milesius
476 1841 615 1919 Procopii
638 1842 771 1920 aequalis
792 1842 826 1898 in
845 1841 950 1899 libello
968 1838 1006 1898 de
1025 1840 1099 1898 viris
1114 1840 1246 1898 illustri-

136 1924 206 1982 bna.
253 1919 456 2005 Τριβωνιανός
476 1920 650 1987 κολακεύων
669 1918 879 1989 ’Ioocttccuro'v
901 1920 953 1987 cdv
973 1921 1106 2005 βασιλέα·
1121 1922 1246 1988 ἔπειθεν

137 2001 231 2071 uicto
249 2007 292 2081 oie
313 2002 371 2071 cde
392 2002 601 2079 incontritus,
624 2002 692 2071 ἀλλ’
707 2010 752 2082 εἰς
771 2002 924 2088 ου’ρανοῦς
945 2004 1159 2090 ἅρπαγήσπαι.
1200 1997 1246 2088 ἦν

136 2092 173 2157 di
193 2092 213 2156 d
238 2089 438 2174 Τριβωνιανὸς
451 2086 565 2175 Ἕλλην
582 2114 614 2157 es
633 2092 688 2155 καὶ
710 2090 817 2168 ἄθεος.
858 2092 1064 2153 tribonium
1083 2090 1246 2152 adulando

131 2178 320 2259 persuadere
340 2177 514 2238 lucinium
536 2181 714 2258 imperatori
733 2178 920 2254 conabatur,
940 2199 1010 2238 eum
1030 2198 1093 2237 non
1112 2179 1246 2237 moritu-

135 2286 219 2337 rum,
239 2263 295 2323 sed
313 2268 345 2321 r'u
368 2264 486 2322 coelum
505 2275 695 2343 corumptum
717 2267 769 2325 in'.
811 2266 893 2323 Erat
908 2267 1021 2344 quippe
1039 2262 1246 2323 ildbouiouue

139 2350 289 2427 Gmlllle,
317 2360 346 2407 el
375 2348 494 2411 aciem.
549 2346 636 2413 Idem
666 2350 760 2409 refert
785 2348 915 2412 scidas:
950 2350 1060 2409 merito
1088 2351 1244 2428 Agapetus

135 2438 288 2493 Diaconos
309 2433 387 2492 illud
407 2437 572 2494 Iustiuieuo
593 2454 682 2512 saepe
704 2436 824 2514 saepius
844 2436 993 2510 inculcet,
1017 2444 1053 2493 ut
1073 2443 1244 2494 assentato-

136 2540 185 2579 res
222 2530 350 2579 cuveret.
399 2520 522 2579 Scilicet
549 2520 706 2599 ingenium
741 2517 875 2581 hominis
903 2520 997 2599 louge
1023 2517 1243 2579 consuetudine

135 2604 283 2665 didicerat
301 2608 466 2685 Agapetus.

221 2694 259 2749 Ρ.
278 2690 335 2765 84,
360 2688 412 2753 14.
457 2689 504 2750 Ob
523 2688 712 2769 cingulurem
728 2687 897 2770 pietatem}
921 2688 1044 2749 Scilicet
1062 2684 1243 2747 blandieba-

136 2787 187 2835 tur
199 2777 320 2836 caesari
333 2776 536 2835 Tribcuianus
554 2777 589 2833 in
609 2792 645 2833 ee
666 2778 801 2834 maxime
822 2794 865 2850 re,
884 2794 944 2855 qua
964 2776 1029 2855 ipse
1050 2791 1243 2853 summopere

135 2862 195 2921 sibi
223 2863 334 2921 Geesar
361 2860 509 2940 placebat.
551 2858 626 2919 lnde
656 2862 759 2920 emnia
786 2860 911 2920 consilia
940 2856 1065 2934 ducere,
1101 2855 1141 2915 ad
1174 2875 1244 2915 eum

135 2966 243 3007 omnes
263 2966 281 3005 a
302 2965 335 3004 se
355 2947 484 3005 sancitae
512 2946 596 3025 leges
618 2946 728 3004 referre
750 2964 813 3004 non
834 2955 881 3005 est
901 2945 954 3003 ubi
975 2945 1159 3003 lastinianus
1178 2960 1244 3001 non

136 3032 217 3091 dicat
238 3052 273 3091 ec
294 3040 419 3111 repetat.
463 3031 539 3090 Suae
563 3029 603 3088 ad
624 3026 716 3089 deum
732 3050 837 3109 preces
852 3050 907 3110 pre
925 3027 1146 3087 haereticorum
1167 3046 1244 3085 cou-

135 3122 274 3177 versione
295 3114 377 3195 apud
394 3118 560 3195 Episcopus
579 3113 752 3196 praedicere
768 3134 832 3175 uon
851 3114 973 3190 desinit,
994 3124 1029 3173 ut
1047 3113 1245 3173 Innocentius

134 3206 289 3262 Maeoniae
308 3202 435 3261 Praeeul
454 3203 509 3282 qui
528 3220 600 3261 eum
621 3220 725 3261 corum
746 3199 861 3260 audivit
887 3201 922 3258 iu
942 3197 1070 3279 epistola
1090 3195 1130 3256 ed
1151 3194 1242 3257 The·

134 3300 248 3348 :nutem
276 3296 387 3346 narrat.
430 3286 591 3367 lugreorue
618 3306 688 3345 eum
716 3286 829 3367 (aiebat
846 3282 1043 3363 lustiniunus)
1071 3286 1107 3342 in
1133 3292 1242 3341 orato·

134 3378 219 3433 rium
237 3373 370 3453 gloriosi
389 3372 559 3431 Michaelis
579 3370 788 3451 Archangeli,
813 3368 899 3452 quod
923 3381 969 3430 eet
987 3372 1022 3429 in
1045 3364 1185 3445 Goeltllo,
1212 3376 1242 3425 et

134 3462 247 3539 rogavi
274 3456 434 3517 domiuum
458 3455 570 3517 dicere.
622 3458 708 3535 Quia
736 3459 767 3514 εἰ
795 3458 829 3516 iu
855 3457 984 3515 veritate
1016 3456 1102 3515 miri
1126 3450 1242 3511 habaet

133 3544 237 3619 noble,
264 3563 433 3623 compunge
452 3564 502 3602 coe
521 3542 663 3601 velociter
682 3544 863 3619 consentire,
884 3551 942 3599 eto.
983 3541 1028 3599 Iu
1051 3538 1242 3619 cognovistis

134 3631 264 3711 quomis
278 3626 545 3708 propositionidue
572 3626 836 3705 rationabilibue,
853 3636 882 3683 et
895 3624 1043 3705 pacificis
1063 3642 1136 3681 cum
1156 3622 1242 3680 omui

134 3712 367 3775 mamuetudiue
386 3724 414 3773 el
429 3714 587 3794 patientia
601 3713 739 3793 prololr'a
760 3731 783 3770 a
800 3708 887 3771 uobr'e
906 3712 958 3772 vir·
975 3705 1241 3768 reuercudiselmue

132 3803 311 3881 Episcopus
337 3798 527 3859 Philoxenus
548 3816 719 3878 peruuaeue
743 3806 803 3870 eet,
834 3805 895 3856 etc.
943 3794 1081 3875 Denique
1108 3793 1142 3849 in
1170 3793 1238 3871 ipso

133 3888 189 3947 illo
211 3888 364 3945 communi
383 3886 599 3965 imperatorum
619 3884 761 3959 nomine,
782 3883 879 3956 Prus,
905 3880 978 3939 licet
998 3876 1148 3938 adscititio
1169 3877 1239 3956 glo·

134 3976 212 4031 riam
234 3972 355 4051 pietatis
378 3972 527 4051 quaesivit
551 3969 673 4028 novella
692 3970 747 4033 78.
771 3960 950 4041 floresium
969 3961 990 4029 d
1007 3967 1064 4043 τῆς
1083 3954 1239 4042 alcrflelce

132 4051 312 4137 incircum,
333 4054 364 4131 ἐξ
385 4048 480 4136 clueo
500 4053 554 4119 ecl
574 4052 618 4128 εἰς
638 4050 721 4135 ἡμᾶς
738 4047 777 4116 sel
797 4055 854 4133 τῆς
871 4049 1075 4135 προσηγορίας
1093 4042 1236 4145 καθήκῃ.

132 4142 312 4203 Antoninus
328 4142 385 4221 qul
404 4162 426 4199 a
444 4142 557 4221 pietate
579 4159 686 4201 nomm
705 4138 832 4214 immu,
855 4157 877 4196 a
897 4157 959 4219 quo
979 4132 1115 4195 eltrudem
1135 4152 1237 4191 reome-

132 4232 183 4289 m'r
208 4226 300 4289 deuse
321 4225 367 4287 od
385 4248 441 4288 uos
464 4246 560 4308 caque
577 4224 734 4307 pertinge.
776 4222 840 4287 sed
858 4220 1022 4286 Christimi
1041 4222 1237 4301 imperatores
