2959 4792
497 420 642 491 ttottn
663 417 890 490 lhElllllNl.
1165 418 1242 493 363

160 601 163 606 '
224 587 262 648 Ρ.
285 580 338 662 ld,
361 587 415 652 11.
455 586 534 648 Dus
561 587 614 648 tlt.
640 607 771 648 norrun
789 581 926 666 mutas]
952 583 1111 646 llirificam
1136 587 1247 647 Iustini

139 673 351 734 liberationem
373 673 427 731 alii
448 692 568 754 quoque
589 675 788 753 scripserunt,
808 673 939 733 Ioannes
958 675 1107 748 Zonaras,
1132 671 1246 733 Cedre-

138 779 208 835 nm,
231 768 263 818 et
275 756 475 839 lipbrsemius
494 759 528 818 in
550 755 709 834 chronico3
731 777 837 818 rerum
858 759 918 817 alia
938 759 1029 837 plane
1050 759 1088 817 ab
1109 757 1168 818 hac
1189 771 1245 836 est,

139 863 237 926 qnam
261 844 425 924 Procopius
454 845 615 923 contigisse
642 843 773 904 affirmat
798 843 833 902 in
853 845 974 904 hauros
995 847 1096 923 copias
1117 843 1247 904 ducente

138 931 254 990 Ioanne
276 929 384 1005 Gibbo,
406 929 462 988 sub
484 917 570 990 cuim
589 939 736 1009 potestate
756 939 825 988 tum
843 929 953 1008 agebat
973 931 1114 1003 Iustinus,
1136 950 1248 1009 nempe

138 1015 228 1074 initio
249 1016 434 1096 principatus
451 1016 618 1091 Anastasii3
639 1033 712 1074 nam
733 1024 870 1074 extremo
891 1012 1028 1074 eiusdem
1046 1017 1175 1094 imperio
1195 1019 1249 1074 lu-

139 1101 237 1160 stinus
260 1110 324 1159 erat
345 1101 506 1180 patricius,
529 1111 665 1173 sanctor,
686 1109 716 1158 et
738 1119 839 1159 comes
858 1101 1135 1179 praetorianorum
1154 1099 1249 1181 idque

139 1187 240 1264 magis
261 1203 296 1244 ao
316 1187 414 1264 magis
435 1185 601 1260 confirmat,
625 1184 707 1266 quod
723 1186 905 1245 lastinianus
923 1187 1031 1244 lustini
1050 1205 1155 1266 nepos,
1178 1206 1249 1245 cum

141 1270 258 1329 Gibbus
280 1267 421 1330 ductabat
442 1273 624 1345 exercitum,
645 1271 737 1349 plane
756 1290 834 1351 puer
853 1278 932 1346 erat,
955 1290 1053 1351 neque
1074 1271 1248 1330 versabatur

139 1355 175 1415 in
194 1357 309 1430 castris,
329 1368 365 1416 ut
386 1357 518 1416 criminis
539 1365 591 1415 aut
612 1357 737 1415 carceris
759 1355 911 1431 avunculi,
935 1374 1013 1437 quae
1025 1354 1161 1416 historici
1173 1376 1248 1416 nar-

140 1451 225 1517 rant,
246 1443 345 1500 accim
373 1461 438 1501 esse
459 1451 578 1520 posset:
604 1459 677 1499 nam
698 1438 872 1499 candidata
891 1442 1024 1518 militia,
1046 1439 1248 1523 quemadmo-
1327 1445 1331 1452 ’

141 1523 218 1586 dnm
239 1527 281 1585 ait
301 1528 403 1586 Victor
416 1526 600 1601 Tunnensis‚
624 1527 747 1585 functus
768 1535 815 1586 est
834 1526 890 1585 sub
912 1528 1034 1585 initium
1053 1529 1173 1607 imperii
1193 1531 1248 1587 lu-

140 1611 226 1671 sttui.
266 1611 350 1691 Ergo
371 1609 503 1671 secundo
524 1613 657 1671 lustinus
681 1612 715 1670 in
736 1630 887 1670 carcerem
909 1612 946 1670 ab
966 1614 1127 1673 Anastasio
1149 1614 1245 1671 conii-

140 1697 220 1754 citur
240 1715 309 1754 cnm
329 1697 496 1756 lastiniano
517 1706 627 1776 nepote
647 1706 720 1756 tnnc
741 1697 903 1776 trigenario
925 1699 1038 1756 maiore
1059 1695 1246 1778 perduellio-

139 1781 191 1840 nis
220 1781 422 1842 insimulatus.
464 1783 599 1862 Eripitnr
625 1801 697 1841 vero
720 1801 783 1840 non
813 1800 848 1840 ea
869 1779 1002 1841 hominis
1022 1787 1123 1862 specie
1149 1803 1245 1863 appa·

140 1874 227 1926 rente
257 1866 306 1947 (ut
328 1870 462 1926 Zonaras
483 1877 513 1925 et
541 1867 594 1926 alii
619 1865 773 1944 scribtmt)
801 1885 894 1947 quam
920 1865 971 1928 hic
993 1869 1090 1927 Gibbc
1117 1871 1245 1928 militiae

140 1952 286 2030 magistro
315 1953 490 2032 apparuisse
513 1953 676 2031 Procopius
705 1952 816 2026 refert;
846 1949 902 2011 sed
930 1953 1003 2012 visis
1029 1973 1085 2032 per
1112 1958 1245 2035 quietem

139 2037 301 2096 Anastasio
333 2036 506 2117 imperatori
533 2037 639 2115 Sergio
671 2045 702 2095 et
731 2033 852 2096 Baccho
882 2039 1085 2117 martyribus,
1118 2059 1248 2119 quornm

140 2141 263 2182 summe
290 2133 355 2180 erat
383 2119 466 2202 apud
484 2120 641 2181 Dardanos
664 2133 694 2180 ct
713 2123 887 2202 Illyrienses
907 2125 1078 2198 veneratio,
1109 2134 1139 2182 et
1167 2123 1248 2204 apud

139 2204 199 2267 hos
220 2208 302 2287 ipsos
324 2209 506 2267 contribules
527 2218 618 2289 atque
639 2209 766 2286 gentiles
787 2209 937 2266 lustinum
953 2218 983 2266 et
998 2211 1206 2283 lastinianum,
1229 2228 1248 2266 a

124 2291 368 2374 ·quibus‚panlc
387 2303 456 2373 post
475 2293 723 2372 superbissimum
745 2295 894 2372 templum
916 2290 956 2351 ad
975 2295 1082 2353 urbem
1102 2293 1248 2354 Scodram

140 2377 373 2458 Barbenamque
397 2379 523 2438 flurium
543 2377 652 2438 iisdem
673 2378 779 2456 Sergio
800 2389 831 2436 et
847 2377 966 2437 Baccho
987 2381 1169 2458 martyribus
1191 2399 1249 2438 ex·
1272 2371 1283 2382 ’

141 2465 271 2522 citatum
294 2464 370 2538 fuit,
399 2473 434 2522 ut
458 2463 595 2542 pluribus
616 2465 750 2522 narravit
769 2461 960 2542 Theophilus
977 2467 1138 2523 Iustiniani
1159 2485 1250 2544 prce-

142 2558 259 2628 ceptor.
300 2550 404 2608 Prima
429 2547 483 2606 illa
511 2550 632 2608 loannis
653 2548 759 2623 Gibbi,
789 2559 821 2607 et
845 2547 978 2607 secunda
1002 2548 1078 2609 haec
1098 2551 1249 2609 Anastasii

141 2635 333 2714 imperatoris
359 2635 437 2692 visio
464 2636 497 2692 in
519 2653 555 2692 ea
575 2653 649 2693 voce
670 2636 761 2714 plene
783 2637 981 2711 conveniunt,
1011 2633 1095 2715 quod
1115 2638 1249 2696 lustinus

142 2721 270 2800 eiusque
289 2720 453 2800 propinqui
472 2719 566 2778 futuri
588 2728 705 2796 essent,
726 2729 761 2778 ut
781 2719 910 2778 Gedreni
930 2721 1029 2780 verbis
1048 2732 1131 2797 utar,
1154 2718 1248 2800 σκεύη

141 2801 680 2972 tuttstttt‘uttttt
696 2803 1250 2971 utttttttuttttt

142 2975 189 3034 tto
206 2953 421 3056 providentiae
441 2951 565 3034 divinem
584 2973 753 3055 exequmdo
775 2987 869 3056 apta,
896 2986 926 3034 et
948 2939 1074 3058 uterhue
1091 2997 1150 3036 cuo
1171 2988 1250 3035 tem-

136 3079 218 3142 pore
237 3057 292 3119 deo
313 3069 388 3120 esset
409 3079 532 3140 operam
551 3073 736 3120 navaturus.

229 3148 266 3205 P.
284 3143 336 3221 44,
358 3149 390 3210 6.
431 3147 642 3204 l'rcetorianic
661 3144 817 3204 militibus
830 3144 1021 3228 praefectus]
1042 3147 1160 3205 Horum
1173 3147 1246 3227 plu·
1261 3148 1285 3202 P
1302 3151 1353 3205 tot

142 3249 194 3290 res
209 3229 338 3306 ordines,
359 3227 511 3306 scholarii,
532 3229 698 3306 domestici,
719 3241 912 3310 protectores,
935 3233 1103 3307 silentiarii,
1125 3229 1163 3290 de
1177 3235 1249 3314 qui-

143 3315 203 3376 bus
225 3320 351 3396 Procop.
373 3315 452 3374 inira
473 3336 504 3395 p.
523 3316 585 3380 108
608 3327 638 3375 et
660 3315 812 3396 deinceps.
853 3318 904 3374 Ex
923 3314 972 3376 his
994 3317 1047 3376 alii
1066 3319 1099 3375 in
1121 3321 1197 3377 atrio
1218 3328 1249 3377 et

142 3403 296 3461 vestibulo
317 3400 418 3480 regiae
439 3401 649 3478 venabuntur,
671 3403 723 3460 alii
745 3422 801 3481 pro
822 3402 966 3462 cubicnlh
988 3401 1182 3479 desidebant;
1214 3401 1249 3462 hi

144 3479 422 3567 σωματοφύλακες,
444 3489 580 3565 corporis
600 3485 758 3561 custodes,
777 3489 885 3545 Latine
906 3507 978 3548 vero
1001 3489 1195 3564 excubitores,
1214 3498 1252 3548 nt

145 3583 195 3631 est
216 3570 298 3653 apud
317 3573 484 3650 Evagrium
505 3568 566 3634 tt
587 3591 613 3632 c.
633 3574 652 3634 1
675 3582 706 3630 et
722 3575 753 3633 2
794 3573 844 3630 illi
863 3567 998 3650 φύλακες
1017 3577 1075 3635 τοῦ
1093 3573 1251 3651 nutatim,
1267 3579 1293 3634 Δ
1311 3581 1345 3636 tt

144 3656 288 3716 custodes
303 3657 441 3736 palatii,
456 3659 611 3736 praetorii
631 3657 762 3735 milites,
783 3676 838 3716 seu
856 3660 1066 3742 praetoriani,
1088 3659 1183 3717 aulae
1201 3661 1253 3720 vel
1318 3653 1326 3678 ⁸

146 3742 248 3802 aulici
263 3744 394 3821 milites,
422 3751 456 3801 ut
478 3745 589 3821 Evagr.
610 3739 685 3802 ibid.
705 3743 893 3822 praefecttnn
913 3741 963 3802 his
984 3742 1137 3803 ordinibus
1157 3746 1254 3803 comi-

146 3837 209 3887 tem
224 3831 507 3908 praetorianorum,
528 3846 583 3887 seu
603 3827 812 3888 excubitorum
833 3830 967 3909 appellat
985 3827 1169 3908 lomandes,
1196 3825 1255 3911 do-

146 3935 242 3995 χοντα
259 3917 321 3976 cciv
342 3907 559 3994 putisceret
577 3913 739 3991 strictiori,
754 3916 926 3994 principem
946 3911 1108 3974 custodum
1124 3917 1253 3998 palatii,

145 4001 325 4080 Procopius.
367 3998 515 4080 (iorippus
536 4019 645 4058 curam
656 3999 777 4078 palatii
796 3999 820 4060 l.
841 4001 873 4061 2.

277 4086 516 4165 Dispositorque
535 4103 634 4143 novus
652 4103 761 4143 sacrae
779 4083 962 4144 Badoartue
983 4086 1078 4146 aulae

277 4171 441 4230 Successor·
460 4171 557 4230 soceri
568 4169 684 4249 facisse
703 4190 773 4228 mox
794 4190 871 4229 cura
887 4172 992 4250 palati
1009 4181 1062 4235 est.

146 4253 258 4314 Graeci
272 4248 524 4338 Κουροπαλᾶτην,
540 4253 650 4314 deinde
664 4249 1006 4337 apocosocoostutaitpv,
1025 4255 1172 4315 nimirum
1184 4272 1253 4312 cnm

145 4341 346 4421 imperatores
373 4360 412 4401 eo
439 4343 562 4401 nomino
590 4342 668 4404 ahos
689 4339 800 4401 donare
826 4340 949 4402 honoris
980 4361 1053 4421 ergo
1082 4349 1254 4421 coeperunt.

146 4425 232 4487 Male
257 4427 469 4508 interpretatur
495 4426 636 4490 ocavtu
665 4445 685 4487 a
715 4427 851 4510 Rosberg
872 4439 1103 4509 procreatorem
1127 4426 1254 4506 palatii.
