2959 4792
273 215 349 290 354
616 219 662 290 ΙΝ
686 217 798 286 sust.
823 217 1021 288 ineman

272 377 400 442 caedere
428 379 482 442 elii
504 353 591 462 'quod
620 379 664 440 ibi
684 379 815 441 manas
838 377 1002 462 aliquando
1021 378 1144 441 luerint.
1194 384 1224 442 A
1246 381 1374 442 laeana

192 481 219 538 A
237 470 385 539 allectae
403 467 543 548 virginis,
566 465 604 526 de
622 485 682 548 qua
703 464 797 527 modo
818 465 966 543 dicebam,
987 469 1053 528 loeo
1073 485 1185 526 nomen
1206 467 1300 527 fuisse
1322 467 1373 526 alii

273 551 480 627 credidemnt;
508 571 615 612 vemm
634 551 860 612 Blacherns‘ani
886 572 992 612 rocem
1011 553 1177 633 reperimus
1198 551 1281 633 apud
1300 554 1376 611 ttio-

271 641 394 720 nysiurn
410 639 589 718 Byzantium
612 638 703 718 longe
721 640 922 718 antiquiorem
942 637 1102 698 Pulcheria
1118 641 1272 718 Augusta,
1294 657 1373 720 quae

270 725 420 804 templum
439 721 518 781 illud
539 725 699 782 excitavit:
729 725 883 784 alustino
904 726 1021 782 seniore
1042 722 1153 782 deiude
1173 727 1373 783 instauratum

271 820 336 884 est,
359 809 431 866 licet
450 810 617 869 Iustiniana
638 806 672 867 id
691 810 857 889 Procopius
876 809 1005 884 tribuat,
1037 805 1203 889 reddatque
1224 812 1373 868 rationem

270 895 333 957 1.1
364 891 455 953 aedil.
477 911 555 974 quae
582 896 616 951 in
635 897 812 973 augustana
840 891 971 954 editione
1000 892 1197 956 desideratur.
1237 896 1284 952 lle
1314 892 1373 953 hoc

270 980 384 1058 templo
408 980 500 1038 etiam
517 979 597 1037 infra
617 980 744 1058 Prooop.
765 999 798 1059 p·
821 979 896 1044 109.

355 1067 392 1123 P.
405 1067 457 1138 28,
473 1060 525 1128 14.
555 1062 687 1142 Sophiae
701 1064 808 1144 templi
821 1064 1028 1143 emissarium]
1048 1066 1086 1121 In
1099 1063 1213 1122 Graeco
1228 1072 1274 1122 ast
1289 1062 1374 1138 δεξα-

269 1141 359 1230 μενή.
402 1145 512 1208 Suidas
532 1151 586 1229 qui
606 1147 688 1208 hunc
707 1149 811 1208 locum
831 1147 1005 1227 descripsit,
1032 1151 1077 1208 sio
1097 1168 1166 1207 eam
1185 1167 1293 1209 vocem
1314 1167 1372 1206 ex-

268 1235 387 1314 posuit,
408 1230 559 1296 τουτὲσοιν
578 1231 601 1314 ἦ
620 1228 753 1316 τράπεζα
772 1231 796 1314 ἦ
814 1230 853 1296 rol
872 1240 948 1296 θεῖα
971 1232 1130 1315 δεχομένη,
1150 1253 1272 1310 mensa,
1293 1253 1373 1314 qaae

268 1339 363 1377 sacra
390 1321 535 1400 mysteria
557 1321 673 1398 recipit.
717 1320 839 1378 Graecis
858 1319 994 1398 patribus
1016 1313 1230 1399 Κολυμβήθου
1257 1328 1287 1377 et
1314 1320 1374 1399 βυ-

268 1395 513 1548 ttt‘t'tm‘
534 1401 630 1547 effi
649 1405 763 1554 itti
782 1399 1373 1548 'trtilthiittttt‘tlh

270 1508 576 1653 diciturqdredvoplodl:
598 1575 760 1652 Gregorius
769 1510 909 1653 Pmagnus
930 1569 1016 1633 hom.
1039 1579 1079 1641 17
1099 1576 1133 1632 iu
1153 1593 1262 1655 evang.
1283 1573 1374 1636 cloa-

270 1679 340 1718 cam
363 1658 538 1738 appellarit.
580 1659 637 1717 llio
659 1655 787 1720 Photius
809 1657 938 1718 delituit.

353 1743 390 1800 Ρ.
405 1745 457 1818 28,
480 1747 531 1808 17.
577 1744 650 1804 Vim
670 1743 812 1803 omnibus
834 1746 946 1822 inferre
963 1743 1073 1824 sacris]
1095 1744 1178 1801 llaec
1198 1742 1232 1800 in
1252 1743 1372 1824 asylum

268 1823 449 1886 Theodorus
469 1827 618 1906 impietas,
641 1848 719 1911 quae
740 1839 770 1888 et
783 1829 862 1888 infra
875 1847 966 1909 saepe
986 1829 1142 1888 abenton
1155 1838 1287 1905 notatur,
1308 1840 1372 1888 tarn

269 1913 396 1992 insignis
417 1912 492 1987 tuit,
520 1924 555 1972 ut
581 1915 635 1973 illa
660 1917 724 1975 eins
751 1916 791 1976 sit
810 1907 873 1974 roi
895 1915 1071 1994 imperantis
1089 1909 1265 1974 Anthemio.
1306 1915 1374 1974 Es-

268 1999 363 2078 oeptr's
384 1997 535 2076 omnibus,
556 2001 590 2058 s'rs
607 1997 739 2058 basilica
759 2003 862 2059 saneti
874 2001 962 2060 Petri
976 2019 1088 2078 parce:
1109 2019 1183 2058 nam
1203 2001 1233 2058 οἱ
1252 1993 1288 2058 'ia
1302 2001 1375 2059 La·

268 2085 393 2160 matie,
415 2095 470 2142 aut
490 2086 524 2142 in
539 2084 677 2163 palatio,
698 2095 756 2144 aut
776 2087 811 2143 irs
831 2084 966 2164 qualibet
983 2084 1110 2144 emlsss'a
1129 2086 1282 2143 inveneris
1307 2085 1374 2145 Υι-

265 2169 382 2249 gilium
403 2188 472 2226 mos
497 2170 676 2249 impositam
703 2173 737 2229 in
765 2173 870 2229 navim
885 2167 1006 2250 perduc
1025 2189 1092 2228 eum
1112 2189 1211 2249 reaque
1229 2167 1276 2229 ad
1294 2191 1374 2242 nos,·

266 2273 340 2313 nam
355 2255 559 2333 persistentem
579 2257 614 2329 ξπ
633 2255 738 2328 ascalo
759 2257 909 2315 excoriari
929 2266 958 2313 te
972 2256 1106 2334 sacram.
1146 2256 1254 2316 nassa
1268 2257 1303 2314 in
1315 2257 1373 2315 vt-

269 2341 355 2418 gilio.
398 2339 573 2399 Abstractus
595 2350 640 2400 est
662 2340 791 2420 vigilius
813 2362 831 2400 e
858 2341 973 2420 templo
993 2350 1114 2399 sanctae
1137 2341 1286 2399 Caeciliae
1308 2341 1371 2400 llo-

267 2443 355 2498 mae‚
377 2424 486 2482 iterum
507 2445 525 2483 e
545 2426 659 2505 templo
681 2437 802 2486 sauctae
821 2424 1008 2506 Euphemiae
1029 2421 1238 2503 Chalcedone3
1259 2426 1372 2507 Sylva-

269 2509 331 2567 rius
352 2526 391 2566 ex
414 2509 538 2567 ecclesia
559 2521 679 2569 sanctae
701 2512 815 2570 Mariae
835 2511 983 2585 Sabinae,
1003 2508 1126 2569 aliunde
1142 2513 1205 2569 elii.

353 2593 389 2650 Ρ.
404 2595 456 2668 29,
470 2595 503 2655 8.
545 2593 719 2654 Zachariae
728 2595 888 2676 propheta]
909 2600 983 2655 Post
995 2597 1153 2657 inventum
1167 2595 1371 2677 effossumque

268 2673 359 2736 huius
380 2673 544 2756 prophetea
565 2699 672 2760 corpus
694 2683 818 2740 omnino
838 2683 1005 2761 integrum,
1031 2701 1067 2740 ac
1087 2701 1165 2760 pene
1186 2684 1307 2756 rivum,
1335 2690 1371 2739 ut

268 2761 453 2822 sozomenus
478 2763 579 2822 scribit
599 2766 622 2822 1.
644 2769 664 2828 9
688 2777 843 2842 extremo,
869 2777 901 2826 et
926 2767 1218 2846 Constantinopolim
1239 2766 1372 2825 nauale-

267 2857 333 2905 tum
354 2844 520 2907 Theodosii
546 2851 671 2910 iunioris
691 2862 843 2931 tempore,
872 2870 891 2911 a
913 2851 1028 2912 civibus
1050 2849 1160 2910 deinde
1181 2851 1298 2911 cultum
1324 2860 1372 2912 est

267 2933 413 3010 religione
435 2933 591 3011 singulari.

352 3018 388 3075 Ρ.
410 3019 463 3093 29,
485 3021 516 3082 6·
558 3019 783 3079 Mesochorum
803 3017 934 3099 habs'tu]
964 3019 1048 3078 Tum
1067 3017 1208 3096 Phottos,
1230 3019 1370 3080 instituto

267 3101 433 3177 maiorum,
457 3103 551 3162 seculi
572 3105 752 3164 vocabulum
774 3103 929 3185 deposuit,
958 3102 1165 3187 Photinusque
1187 3106 1369 3185 appellatus,

267 3189 540 3268 Hierosolyrnitano
551 3187 660 3248 deinde
673 3194 855 3250 monasterio
870 3188 1041 3251 moderatus
1053 3201 1109 3250 est.
1151 3188 1369 3270 Theophanes,

227 3261 231 3272 ¹
265 3264 426 3347 Ἰουστῖνος
447 3267 598 3338 ἀπέστειλε
619 3273 672 3338 ade·
694 3271 794 3357 οἶββοῖν
817 3271 972 3340 Torserit
996 3271 1051 3339 ede
1070 3271 1222 3360 ποὸγουον
1242 3280 1371 3340 Balteo·

268 3357 336 3438 aion
357 3361 413 3420 rosi
433 3361 593 3440 πατρικίου
613 3357 686 3434 δούς
708 3355 793 3446 αὐτῷ
812 3360 951 3436 ἐξουσίαν
971 3357 1047 3424 eard
1067 3357 1182 3436 παντὸς
1201 3355 1371 3444 προσώπου

265 3440 319 3504 sul
334 3436 509 3524 πράγματος
528 3449 586 3508 τοῦ
599 3447 773 3528 reparatae·
791 3443 846 3521 esic
865 3445 1024 3526 ἐκκλησίας
1035 3441 1194 3530 Αἰγύπτου
1208 3445 1262 3509 sal
1274 3441 1370 3521 Ἀλεξ-

268 3528 417 3608 ανδρείοις.
459 3531 603 3590 Iustinus
624 3535 791 3612 imperator
817 3535 903 3590 misit
930 3531 1069 3592 abbatem
1088 3532 1261 3592 Plotinum
1280 3533 1371 3591 Beli·-

180 3619 201 3675 Ρ
217 3619 252 3676 95
268 3615 349 3670 sars's'
361 3616 495 3692 patricii
505 3619 687 3696 privignum
694 3617 792 3695 plena
812 3619 846 3676 in
866 3636 967 3678 omnes
986 3619 1155 3677 autoritate
1166 3617 1217 3676 s'lls'
1236 3613 1370 3694 hadita,

267 3708 303 3755 ut
322 3699 464 3756 ecclesias
476 3701 610 3782 Aegypti
623 3714 651 3760 et
662 3699 872 3763 Alexandriae
891 3700 938 3762 ad
949 3723 1059 3783 pacem
1077 3701 1241 3765 redamet.
1280 3698 1370 3762 idem

267 3801 309 3839 ex
322 3781 511 3863 Theophane
524 3789 709 3865 Anastasius,
731 3799 762 3847 et
781 3789 894 3848 Paulus
915 3789 1066 3849 lliaoonus
1085 3790 1109 3849 1.
1131 3793 1184 3858 16.
1227 3789 1268 3846 llt
1289 3789 1370 3848 Gre-

268 3868 369 3945 gorius
395 3871 581 3932 Turonensis
609 3874 672 3938 1.1
706 3871 745 3932 de
774 3874 869 3952 gloria
897 3875 986 3934 Mart.
1014 3876 1121 3954 cap.6
1149 3873 1204 3932 ubi
1229 3885 1369 3953 corrupte

266 3969 377 4010 nomen
397 3952 518 4015 Photini
537 3959 658 4038 legitur.
705 3957 854 4038 Quaado,
873 3961 993 4040 inquit,
1022 3959 1269 4037 ffloeohmam
1290 3960 1369 4036 adii,

265 4037 366 4096 Fures
386 4037 525 4100 abbatem
546 4047 650 4123 reperi,
673 4047 728 4126 qui
749 4066 897 4125 magnam
914 4065 985 4106 cum
998 4044 1117 4125 Sophia
1128 4045 1278 4125 Augusta
1291 4066 1369 4125 gra·

265 4125 344 4180 σίοοι
365 4123 492 4184 habuit:
512 4126 686 4189 haiemim
706 4151 822 4190 omnem
843 4135 985 4192 orientem
998 4133 1092 4213 quasi
1106 4131 1264 4212 praefecto
1286 4127 1369 4192 oom-

266 4209 359 4270 rrrr'er't.
401 4212 459 4270 Pro
479 4211 593 4291 Futen,
616 4215 698 4296 lege,
719 4214 893 4279 Photinum.
