2959 4792
246 233 322 306 366
591 233 639 304 ΙΝ
661 233 773 302 HIST.
797 233 996 302 sucrum

244 403 311 460 Hoc
332 399 508 480 epigrama,
531 395 615 482 quod
634 401 763 460 Ioannes
786 397 941 460 Brodaeus
969 417 1077 482 pamm
1104 396 1276 475 intellexit,
1307 416 1349 457 ex

242 485 303 545 hoc
324 489 463 564 Procopii
485 487 552 546 loco
573 487 749 546 illustratur.
790 483 879 560 Quod
899 489 942 546 ait
963 485 1001 545 de
1023 485 1198 563 consulatu,
1229 482 1268 544 ds
1288 481 1349 545 ho-

243 573 362 632 norario
384 573 534 651 intelligas
554 591 678 631 necesse
700 581 755 630 est.

326 675 362 732 P.
385 671 436 748 44,
460 671 511 737 14.
553 671 589 734 Α
607 676 813 754 magistratu,
833 671 890 751 qui
910 667 948 730 id
966 673 1099 732 merois
1118 666 1220 752 hoba]
1245 670 1348 729 liabe-

241 759 294 817 bct
314 756 348 816 id
367 778 477 817 munus
495 758 656 840 primarius
685 779 703 818 a
731 759 871 834 secretis,
903 777 995 838 quem
1021 759 1201 839 posteriores
1223 758 1346 816 orientis

241 845 437 924 imperatores
461 844 674 922 Kuesuiicsvc,
702 845 766 903 sire
787 837 841 906 τᾶν
869 835 931 905 sind
954 843 1121 906 Κανικλίον
1141 844 1346 903 nominarunt.

241 931 396 1009 Frequens
427 940 472 988 est
502 931 566 988 eius
598 931 712 988 mentio
740 925 822 1010 apud
851 929 1047 1006 Gregentium
1078 931 1254 1008 episcopum
1282 929 1348 986 Ta·

242 1013 417 1095 phrenesin,
439 1011 778 1090 Godinum‚Niccta1n,
800 1023 830 1072 et
851 1015 1030 1072 recentiores
1050 1010 1194 1072 historiae
1216 1015 1346 1072 Graecae

242 1103 413 1180 scriptores.
456 1103 553 1160 Huius
574 1103 767 1181 magistratus
793 1098 947 1176 officium,
976 1118 1011 1158 ac
1039 1101 1172 1160 nominis
1201 1099 1347 1158 rationem

242 1189 347 1246 statim
368 1185 598 1264 explicabimus.

326 1290 362 1348 P.
384 1287 442 1363 44,
469 1285 519 1352 15.
565 1285 652 1366 Quae
672 1285 734 1365 legi
753 1286 869 1345 Latine
884 1285 1029 1366 poscent]
1060 1286 1238 1345 Etiamnum
1260 1281 1347 1345 ride·

243 1393 312 1433 mus
342 1371 381 1432 ad
410 1373 523 1432 calcem
545 1372 727 1431 Graecarum
748 1373 995 1430 constitutionum
1024 1373 1259 1451 subscriptiones
1286 1373 1346 1428 im-

242 1470 426 1540 peratorum,
447 1469 594 1538 notasque
616 1457 776 1516 consulum
789 1458 921 1531 Latinas,
940 1453 996 1515 sed
1014 1475 1076 1517 non
1096 1460 1140 1516 ita
1159 1457 1258 1514 multo
1279 1464 1346 1536 post

244 1545 465 1604 obsoleverunt.
506 1545 589 1623 Lege
609 1540 663 1607 74·
684 1541 840 1604 novellam
858 1542 1032 1619 Iustiniani,
1064 1550 1095 1601 et
1120 1539 1179 1603 has
1198 1551 1287 1602 notas
1308 1537 1347 1599 ad

326 1729 364 1789 Ρ.
385 1726 442 1803 44,
467 1726 520 1793 15.
560 1729 706 1789 Formam
733 1736 869 1808 quotuor
895 1726 1088 1808 hunnum]
1119 1725 1287 1788 Audieram
1313 1725 1347 1784 in

242 1809 365 1873 archivo
397 1814 568 1874 cassinensi
599 1811 704 1873 haberi
734 1814 843 1872 Instini
877 1810 1044 1895 diplomata
1078 1812 1216 1876 eiusdem
1252 1829 1346 1870 manu

241 1901 434 1978 consignata:
463 1898 633 1979 exquibus
656 1898 788 1957 formum
806 1899 930 1957 illarum
951 1910 1081 1980 quatuor
1098 1901 1268 1958 litterarum
1289 1915 1345 1955 ex-

241 1987 351 2063 cipere,
373 2003 537 2065 earnmque
550 1980 772 2063 longitudinem
784 1982 1047 2065 latitudinemque,
1069 1994 1099 2043 et
1119 1987 1240 2065 apicum
1260 1984 1344 2061 ipso·

238 2089 308 2129 rum
327 2072 485 2150 ingenium
511 2089 631 2130 summa
653 2087 714 2149 qua
733 2069 799 2128 lieri
823 2071 972 2148 potuisset
991 2068 1139 2130 industria
1159 2068 1344 2128 adamussim

239 2158 427 2234 exprimere,
456 2156 573 2236 tibique
593 2157 702 2214 Lector
721 2173 888 2235 proponere
916 2158 1141 2215 constitueram.
1183 2151 1247 2214 sed
1273 2172 1344 2232 per-

237 2242 334 2300 fertur
363 2238 402 2300 ad
428 2261 478 2300 ma
504 2241 547 2298 ibi
567 2242 676 2300 lustini
696 2260 810 2300 nomeu
829 2243 983 2319 integrmn
1003 2261 1080 2300 esse.
1123 2241 1222 2312 Quare
1244 2235 1344 2317 diplo-

237 2338 320 2385 mata
341 2345 419 2407 quae
443 2328 511 2385 aliis
533 2327 625 2384 etiam
652 2324 690 2385 de
714 2326 812 2384 causis
838 2337 995 2406 suspectae
1021 2324 1095 2385 fidei
1119 2325 1194 2385 clim
1214 2324 1343 2382 Barouic

238 2415 304 2470 risa
325 2421 410 2486 sunt,
433 2430 474 2470 ex
493 2409 553 2470 hoc
573 2412 713 2491 Procopii
728 2411 796 2470 loco
815 2411 1000 2491 imposturae
1020 2414 1084 2470 mm
1106 2413 1235 2492 quisque
1253 2409 1342 2466 facila

239 2497 407 2554 convincat.
451 2498 611 2555 Caeterum
637 2497 762 2555 Proolus
797 2507 938 2577 quaestor
969 2507 1099 2577 quatuor
1126 2497 1196 2554 illas
1225 2504 1342 2552 munem

238 2581 354 2656 litteras
376 2581 504 2639 tabellae
531 2579 691 2640 incidendo
713 2601 776 2642 ncn
797 2581 1004 2642 commoditati
1026 2581 1120 2642 modo
1139 2583 1250 2639 Instini
1270 2598 1343 2638 con-

239 2667 349 2742 suluit,
378 2663 433 2726 sad
462 2669 555 2727 etiam
582 2669 717 2745 priscum
737 2669 944 2726 Romanorum
966 2687 1059 2728 usum
1081 2677 1248 2746 utcumque
1271 2665 1343 2722 reti·

131 2757 226 2814 etos
242 2754 327 2826 uuit;
356 2753 425 2832 qui,
456 2763 559 2810 autore
580 2750 762 2829 Plutarcho,
789 2755 986 2832 praenomina
1005 2754 1123 2832 integra
1146 2771 1208 2811 non
1229 2750 1343 2809 scribe·

239 2838 331 2913 bant,
360 2834 416 2896 sed
435 2857 497 2896 una
517 2837 621 2914 litera,
649 2847 685 2899 ut
706 2856 743 2898 u.
765 2857 797 2898 τ.
819 2857 849 2898 n.
872 2836 1006 2916 duabus,
1035 2849 1072 2900 ut
1097 2855 1146 2898 cr.
1165 2835 1281 2913 tribus,
1308 2843 1344 2894 nt

241 2941 312 2984 arx.
335 2939 404 2982 sas.
426 2925 590 2998 Ausonius,

346 3023 468 3084 Lucius
489 3045 556 3082 una
576 3022 713 3104 quidem,
732 3025 867 3105 geminis
888 3020 945 3082 eed
963 3020 1078 3082 destiter
1092 3024 1221 3105 punctis

389 3109 512 3169 Littera
528 3129 712 3192 praenomen
732 3113 779 3168 εἰσ
798 3121 872 3170 nota
892 3110 962 3170 solo
974 3109 1072 3189 jacit.

236 3211 350 3272 Varum
369 3208 445 3270 haec
466 3209 651 3271 consuetudo
672 3211 851 3293 paulopost
871 3213 1043 3270 intermissa
1064 3221 1126 3270 est:
1146 3229 1220 3268 nam
1242 3209 1344 3269 onen-

237 3298 277 3355 tis
306 3297 501 3376 imperatores
522 3300 675 3375 integrum
699 3315 812 3355 nomen
838 3299 953 3357 arcanis
976 3294 1159 3378 quibusdam
1177 3293 1282 3371 nodis,
1313 3303 1345 3353 et

236 3381 493 3461 implicationibus
524 3383 693 3441 litterarum
720 3383 848 3441 scribere
877 3392 1056 3462 coeperunt,
1084 3393 1120 3441 nt
1146 3383 1182 3440 in
1210 3381 1344 3464 antiquis

238 3487 344 3526 eorum
365 3466 580 3546 diplomatibus
602 3478 743 3548 apparet3
774 3479 805 3527 et
830 3471 945 3528 mentio
972 3480 1019 3528 est
1043 3470 1077 3527 in
1100 3476 1189 3528 sexta
1214 3465 1344 3547 synodo,

238 3555 411 3617 actione12
433 3547 648 3636 μονογράμμου
669 3555 857 3633 imperatoris
878 3556 1067 3614 constantini
1080 3555 1238 3632 Pogonati,
1260 3548 1344 3634 quod

236 3639 411 3697 continebat
432 3635 488 3699 has
509 3657 610 3714 voces,
634 3638 868 3703 Kurorurelrco
890 3634 1045 3703 δεσπότου.
1086 3641 1127 3697 Et
1147 3639 1181 3696 in
1202 3637 1343 3724 capitulis

237 3723 338 3782 Caroli
359 3724 454 3782 calvi.
505 3723 544 3783 Ut
571 3726 605 3782 in
626 3721 764 3784 denariis
783 3746 880 3785 novoe
906 3736 1030 3784 nostrae
1053 3734 1190 3783 monetur
1215 3745 1252 3783 es
1278 3741 1344 3780 rena

229 3819 322 3886 parte
350 3829 458 3868 nomen
486 3819 625 3870 nostrum
652 3809 805 3868 habeatur
825 3813 859 3868 in
883 3831 976 3890 gyro,
1003 3821 1032 3869 et
1059 3812 1093 3868 e'n
1119 3809 1217 3868 medio
1243 3809 1344 3868 nostri

236 3895 369 3950 nominis
399 3915 642 3972 monogramma.
684 3897 798 3954 Verum
826 3898 917 3954 unica
942 3896 1044 3956 littera
1064 3897 1090 3954 Ι.
1118 3907 1210 3955 suum
1237 3903 1343 3952 notare

236 3978 437 4036 Iustinianum
459 3983 649 4041 consuevisse
668 3999 780 4039 nomen
800 3981 947 4061 corippus
968 3979 1101 4040 indicare
1122 3976 1243 4039 ridetur
1263 3979 1343 4037 libro

236 4063 335 4141 primo
358 4073 512 4140 extremo,
540 4065 737 4146 quamobrem
755 4077 786 4124 et
806 4068 867 4125 iota
883 4069 1084 4126 lastinianum
1105 4067 1225 4146 apicem
1243 4073 1342 4127 rccnt.

363 4143 417 4206 Sic
438 4145 531 4208 derne
551 4153 673 4230 imperii
692 4161 850 4229 sanctum,
871 4154 918 4211 cic
937 4152 1007 4213 Icta
1027 4171 1187 4230 resurgens

365 4232 516 4295 Exortum
536 4245 582 4296 eet
602 4233 640 4297 de
651 4235 719 4318 fine
739 4257 797 4298 euo
818 4240 994 4322 tertiumque
1013 4257 1157 4319 reponens
