2959 4792
158 318 160 325 Ι
207 246 295 295 mv
541 226 742 294 mEMANNl
761 225 982 296 PRAEFfflO.

208 424 272 465 usus
293 410 344 465 est
388 398 473 465 Certe
496 410 609 475 neuter,
633 398 699 464 licet
713 398 867 467 Vaticanus
882 396 1076 467 Bibliothecae
1091 412 1207 487 uterque
1224 420 1307 485 prae·

209 490 313 579 fectus,
349 501 506 566 versionem
535 520 571 564 ex
594 500 699 565 Codice
720 501 812 566 hausit
830 500 980 576 Vaticano,
1016 524 1098 589 quem
1122 502 1310 611 plenissimum

209 601 307 678 rideo,
334 614 362 666 ιι
385 601 459 665 omni
484 622 520 665 ex
545 614 623 686 parte
644 602 798 690 integrum,
827 616 911 689 atque
930 603 1194 681 emendatissimum
1219 583 1248 669 dt
1269 626 1308 668 ex

208 704 266 767 alio
280 703 356 767 fonte
369 725 420 767 eas
436 703 583 769 illorum'
557 726 676 769 errorum
698 705 939 791 interpretationes
956 726 1084 769 manasse
1100 727 1157 769 non
1176 706 1305 771 dubitem

208 806 309 871 Libros
323 805 360 870 de
383 803 520 869 lastiniani
540 804 684 869 hedificiis
704 806 801 891 quales
824 806 963 872 Arnoldus
978 806 1156 871 ,Veratianae
1170 806 1307 884 habuerit,

208 907 270 993 ipsa
286 908 345 973 eius
359 908 441 971 docet
454 906 657 992 interpretatio;
687 907 723 971 dc
737 930 807 993 qua,
837 921 866 973 ιι
879 907 1056 975 Volaterrani
1070 920 1153 994 atque
1166 910 1308 975 Personae

208 1008 395 1087 versionibus,
435 1030 516 1095 quam
544 1007 619 1073 hone
640 1030 723 1073 sensa
744 1010 886 1097 scriptoris
908 1010 1079 1096 exprimant,
1109 1012 1225 1078 aliorum
1247 1026 1308 1077 esto

207 1111 344 1176 iudicium.
388 1112 499 1177 Graeca
514 1110 632 1196 denique
646 1111 776 1199 Procopii
789 1112 882 1177 Editio
894 1112 1072 1197 Augustanus,
1093 1134 1165 1200 qnae
1189 1134 1227 1178 ex
1241 1115 1308 1179 mul-

207 1214 243 1278 tis
258 1213 375 1300 antiquis
389 1236 469 1277 manu
484 1212 629 1298 descriptis
646 1212 725 1276 libris
741 1215 887 1277 emendata
908 1224 937 1277 ιι
947 1225 1052 1290 Ιιιιιιιι,
1082 1215 1206 1279 omnibus
1220 1216 1308 1281 credi·

207 1331 251 1381 tur
265 1316 383 1381 rumoris
405 1315 544 1389 absoluta,
576 1326 631 1378 tam
651 1314 738 1400 longe
754 1315 892 1401 aprimae
918 1313 1073 1399 scriptionis
1096 1314 1166 1392 fide,
1195 1338 1309 1402 quam

208 1418 335 1485 Vaticani
359 1416 470 1481 Codicis
490 1414 648 1501 integritate
669 1414 771 1480 abesse
793 1417 917 1498 videtur,
944 1428 973 1481 ιιι
994 1416 1165 1501 persuadere
1191 1418 1242 1483 tibi
1261 1418 1309 1483 vix

207 1520 312 1607 possis,
338 1530 464 1605 quantum
479 1538 515 1579 cx
530 1516 585 1579 hoc
601 1515 648 1579 illa
662 1515 824 1601 locupletari
844 1530 934 1603 queat
979 1518 1086 1583 Utinam
1100 1518 1129 1583 in
1144 1521 1245 1585 codem
1258 1544 1306 1585 ro-

206 1620 323 1697 lunsine,
351 1631 379 1684 et
401 1640 437 1682 ex
460 1618 558 1683 eadem
572 1617 677 1682 librarii
691 1642 787 1693 mann,
817 1630 847 1683 et
859 1619 931 1683 hunc
951 1619 1058 1685 illarum
1077 1632 1245 1707 postremum
1265 1622 1308 1686 hi-

205 1724 349 1787 storiarum
369 1720 491 1784 libollum
511 1717 690 1784 haberemus:
712 1720 764 1785 sod
785 1722 1011 1807 quemadmodum
1032 1734 1097 1785 octo
1118 1720 1172 1785 illia
1193 1722 1230 1787 ab
1251 1724 1307 1787 hc·

205 1837 268 1888 toro
282 1822 359 1887 libris
374 1821 401 1885 in
415 1821 514 1909 vulgus
525 1820 645 1897 emissis,
675 1843 762 1886 nonus
775 1822 823 1885 hic
842 1824 880 1887 ad
893 1823 985 1887 odium
1001 1821 1150 1900 lastiniani,
1174 1822 1306 1887 Theodo-

206 1946 311 2041 raeque
326 1923 478 1999 vitandum,
508 1942 620 2007 semper
642 1922 671 1987 in
684 1923 788 2011 angulo
802 1937 883 1989 caute
904 1924 1023 2000 delituit3
1048 1924 1087 1989 ita
1107 1925 1210 1991 deinde
1229 1948 1306 1991 seor·

206 2030 258 2091 sim
272 2028 307 2091 nh
323 2025 531 2091 anmnucnsibus
555 2025 708 2113 descriptus
725 2037 783 2104 eat,
814 2038 897 2112 atque
911 2026 947 2088 ad
967 2026 1157 2111 posteritatem
1169 2028 1306 2141 pervenit.

205 2130 250 2195 De
265 2130 340 2195 cuius
357 2128 481 2204 casibus,
507 2140 588 2229 attpm
610 2127 719 2193 sinistra
738 2127 845 2192 fortuna
862 2127 928 2215 quid
944 2128 1064 2214 loquer?
1093 2129 1204 2193 Duo'
1177 2150 1237 2193 erus
1257 2150 1306 2193 ex·
1370 2188 1375 2197 .

205 2232 298 2318 empla
323 2246 415 2297 servat
441 2230 575 2297 Vaticana
604 2228 801 2307 Bibliotheca,
830 2232 946 2295 alterum
972 2251 1009 2294 cx
1033 2229 1121 2294 altero
1145 2232 1306 2307 derivatum,

206 2348 345 2421 utrumque
368 2334 395 2399 in
421 2331 556 2418 principio
575 2329 709 2404 mutilum,
735 2331 880 2417 multisque
904 2330 1007 2417 passim
1031 2330 1150 2395 hiatibus
1171 2332 1306 2397 deforme.

103 2438 124 2492 v
140 2440 193 2495 275
207 2436 250 2499 Ex
265 2434 308 2497 his
322 2436 396 2520 quod
412 2446 454 2497 est
469 2432 603 2518 antiquius
622 2431 705 2495 etiam
718 2429 774 2494 fine
794 2432 962 2500 decurtatum
977 2445 1037 2508 ιιι,
1066 2432 1204 2499 recentius
1228 2456 1307 2511 vcro,

206 2536 273 2599 licet
294 2536 464 2599 tumultuaria
486 2532 634 2618 scriptione
659 2544 818 2608 exaratum,
845 2546 997 2597 extremam
1024 2534 1105 2599 nobis
1133 2548 1241 2621 partem
1269 2540 1307 2603 ab

151 2664 156 2678 ·
206 2635 315 2699 interitu
335 2635 522 2711 conservavit,
553 2634 613 2719 qni,
635 2646 749 2719 praeter
765 2634 837 2696 hano
860 2635 1062 2711 accessionem,
1083 2635 1158 2700 nulla
1179 2638 1261 2702 nobis
1277 2640 1308 2705 in

205 2756 239 2797 rc
253 2735 312 2799 usui
331 2736 387 2801 fuit.
431 2737 481 2801 Sic
495 2737 523 2800 in
537 2735 700 2799 brevissima
714 2734 830 2798 historia
844 2746 885 2799 tot
908 2733 965 2799 loci
985 2734 1076 2810 dubii,
1106 2736 1230 2816 obscuri,
1257 2741 1306 2806 de·

204 2836 306 2920 plorati
320 2850 483 2903 manserunt.
528 2837 714 2915 Quamobrem
727 2857 814 2922 saepe
828 2836 901 2901 inter
914 2836 1147 2923 interpretandum
1161 2841 1231 2904 duos
1243 2842 1308 2907 illos

206 2937 335 3003 celebres
349 2936 516 3031 duasdives
529 2939 659 3026 Procopii
677 2939 799 3005 Codices
814 2937 1011 3024 expetivimus,
1047 2940 1157 3005 loannis
1176 2942 1307 3009 Lascaris

205 3038 321 3103 alterum
352 3042 597 3129 Constantinopolis
613 3042 649 3105 ad
681 3040 858 3105 Laurentium
883 3041 1024 3105 Mediccm
1049 3042 1183 3119 adlatum,
1224 3067 1307 3131 quem

206 3140 307 3205 deinde
323 3146 366 3225 (ut
382 3144 454 3209 fama
469 3148 526 3227 cst)
541 3144 692 3209 Catharina
707 3142 836 3207 Medicas
849 3143 961 3230 Regina
979 3143 1008 3206 in
1023 3143 1129 3208 Gellius
1146 3150 1305 3231 asportavit,

206 3254 235 3305 et
256 3242 331 3309 Galli
354 3245 439 3311 hodio
462 3247 490 3312 in
513 3246 617 3311 exteris
645 3243 827 3309 bibliothecis
855 3244 1003 3331 requirunt.
1045 3246 1170 3312 Alterum
1196 3250 1307 3316 Ioannis

205 3343 341 3411 l'iucontii
356 3348 468 3427 Pinelli,
492 3370 574 3435 quem
588 3360 651 3411 ante
667 3346 772 3433 aliquot
786 3368 889 3424 annos,
916 3360 1029 3432 praeter
1044 3346 1131 3413 hosce
1146 3349 1305 3431 Vaticanos,

204 3444 493 3537 unicum(quodevo
516 3448 843 3531 sciam)habuit1talia;
872 3448 1005 3526 sedhic,
1032 3462 1061 3513 ιιι
1082 3452 1255 3537 accepimus,
1277 3454 1306 3518 in

203 3547 381 3635 navigatione
395 3550 581 3638 Neapolitana
601 3550 776 3638 naufragium
796 3549 870 3613 fecit.
913 3550 957 3614 Ex
977 3570 1015 3613 eo
1033 3564 1125 3615 manen
1138 3555 1306 3638 quaedama

59 3640 186 3697 PXVlll
203 3646 287 3713 Petro
315 3652 446 3731 Pithaeo‚
486 3666 514 3718 et
535 3654 626 3719 Guido
647 3652 809 3730 Pancirolo,
838 3651 938 3715 Pinelli
965 3650 1145 3717 familiaribus
1173 3669 1306 3743 excerpta

163 3747 369 3836 'fragmenta
394 3755 478 3819 maris
491 3770 519 3819 et
534 3757 664 3821 undarum
688 3756 835 3821 discrimen
856 3767 1011 3819 evaserunt.
1055 3757 1131 3834 Sed,
1158 3780 1230 3843 quae
1252 3780 1307 3825 neo

204 3848 400 3917 librariorum
393 3858 495 3921 incuria
509 3871 567 3934 est,
596 3880 650 3923 nee
664 3857 813 3943 temporis,
843 3867 889 3918 aut
903 3854 987 3917 maris
1002 3854 1113 3933 iniuria,
1136 3857 1209 3923 hsce
1224 3884 1306 3946 qnam

203 3960 327 4017 tenemus
339 3977 393 4018 non
407 3980 460 4021 uno
475 3958 502 4023 in
516 3960 578 4023 loce
592 3982 688 4043 manca
702 3958 810 4023 videtur
831 3955 1001 4031 historia,
992 3978 1021 4020 m
1039 3979 1093 4042 qna
1112 3960 1196 4023 multa
1208 3984 1303 4025 nama-

204 4065 290 4117 turum
316 4076 348 4119 se
364 4058 473 4141 quidem
489 4064 576 4126 hutor
603 4060 765 4146 pollicetur,
796 4071 937 4121 ettamen
964 4058 1128 4142 promiseram
1151 4083 1207 4125 non
1228 4062 1303 4128 facit.

205 4157 309 4235 Quibus
325 4158 426 4244 passim
436 4162 589 4227 defectibus
604 4162 641 4226 ita
654 4159 700 4225 hic
714 4159 773 4225 hiat
787 4158 1014 4238 commentarius,
1043 4172 1071 4225 ut
1084 4184 1136 4251 per
1156 4163 1243 4230 hasce
1257 4186 1305 4228 ve·
