2959 4792
510 349 654 420 NOTAE
676 349 901 423 tumtunm
1179 355 1256 426 359

147 529 233 588 num,
254 511 413 590 luetinam,
430 519 463 572 et
481 513 685 574 luetinianum
702 517 846 596 suscepit.
886 517 938 576 Ex
957 509 1017 578 hoc
1030 515 1170 598 Procopii
1187 518 1256 578 loco

140 593 257 658 'erroris
279 601 415 678 arguitur
428 598 599 680 Onophriue
620 603 797 676 Panriniue,
819 603 874 683 qui
893 603 1009 663 lantino
1027 604 1171 662 Germani
1191 602 1255 664 filio

147 687 341 744 matrimonio
362 686 462 763 iungit
481 687 696 764 Vigilantimn3
718 706 812 768 quem
833 687 865 748 et
882 690 1042 750 laetiniani
1061 688 1158 748 filiam
1176 687 1255 750 falec

150 766 266 844 credit3
288 766 344 829 eed
365 767 402 829 de
422 766 471 830 hie
491 771 582 830 infra.
1249 816 1253 825 ·

236 856 273 913 P.
284 854 337 930 39,
352 855 385 917 9.
428 855 568 936 Nuptiae
587 855 761 916 Anaetaee'o
781 859 885 937 nepoti
897 856 1043 936 perficere
1062 856 1254 935 maturabat]

149 941 230 998 Nam
250 942 380 1018 graviter
400 953 558 1020 aegrotare
573 939 748 1018 Theodora,
769 944 874 1021 paucie
893 952 964 1022 poet
983 943 1139 1002 meneibue
1160 942 1254 1017 obiit;

149 1021 228 1083 haec
247 1027 330 1084 enim
350 1023 487 1084 incidunt
506 1029 540 1086 in
560 1045 674 1086 anatem
694 1029 854 1087 luetinieni
872 1029 1057 1106 vigeeimum
1075 1025 1254 1103 eecrmdum,
1269 1027 1292 1084 Ρ
1307 1029 1344 1086 98

148 1107 272 1190 quando
294 1109 518 1172 atThaodurae
539 1111 667 1187 obitum,
689 1123 720 1171 et
732 1114 903 1172 Antoninae
924 1132 965 1172 ex
984 1115 1072 1171 ltalia
1090 1112 1267 1193 profectio-.

147 1213 239 1270 nem,
269 1205 299 1254 et
319 1196 457 1256 Beliearii
483 1196 521 1257 ob
547 1217 614 1256 rem
633 1197 715 1257 mele
736 1210 868 1278 geatam,
897 1196 1030 1258 reditum
1048 1199 1083 1257 in
1106 1199 1253 1259 orientem

148 1290 251 1340 narrat
271 1281 435 1362 Procopius
455 1281 519 1345 1.3
537 1282 611 1342 bell.
633 1279 738 1344 Gotth.

233 1365 271 1424 Ρ.
291 1362 344 1440 40,
365 1365 398 1430 5.
439 1367 587 1426 Extincto
607 1365 818 1447 imperatrice]
837 1367 943 1426 Menae
961 1367 1068 1443 Iunio,
1088 1362 1254 1425 indictione

147 1449 257 1528 prima,
279 1460 315 1510 ut
334 1449 426 1510 habet
445 1450 659 1533 Theophanes,
684 1473 764 1513 anno
784 1454 906 1533 imperii
925 1453 1084 1512 Imtiniani
1102 1453 1252 1529 vigesimo

147 1532 300 1611 secundo,
321 1555 432 1616 nempe
454 1541 569 1597 exactis
589 1540 622 1596 iu
642 1541 772 1619 imperio
793 1541 880 1598 annia
901 1557 963 1597 uno
986 1547 1017 1597 et
1035 1538 1163 1614 viginti,
1194 1538 1253 1594 tri-

147 1619 266 1700 busque
285 1621 457 1680 mensibus:
487 1624 649 1702 Procopius
669 1625 694 1682 l.
715 1630 735 1689 3
756 1623 830 1682 bell.
852 1621 956 1683 Gotth.
997 1625 1049 1681 Ex
1067 1619 1116 1680 hia
1137 1623 1253 1699 corrige

147 1705 307 1764 Octavium
327 1725 345 1766 a
365 1707 510 1786 Boeberg.
559 1705 723 1788 Theodora,
744 1709 861 1790 inquit,
882 1708 994 1766 mulier
1013 1707 1254 1787 eapientieeima,

146 1790 261 1849 marito
281 1789 320 1850 ob
345 1801 523 1850 senectutem
544 1791 706 1868 delirante,
733 1793 955 1874 rempublicam
982 1795 1113 1850 maxime
1136 1791 1255 1872 guber·

145 1877 245 1935 nevit.
287 1877 366 1935 Nam
389 1877 573 1936 luetinianua
594 1881 704 1938 mentia
728 1897 852 1958 compoe
879 1878 1049 1956 complures
1078 1895 1173 1936 annoe
1198 1895 1254 1935 en-

145 1961 271 2040 perfuit.
314 1961 431 2022 Obiieae
452 1960 649 2022 Theodoram
668 1962 773 2022 scribit
788 1965 893 2024 Victor
907 1964 1091 2036 Timuemie,
1113 1962 1254 2020 canonic

139 2046 245 2126 plaga
265 2057 471 2126 corporeitate
512 2047 655 2126 arsuram.
697 2051 778 2106 Num
797 2047 931 2107 moriana
957 2048 1133 2125 resipuerit,
1162 2048 1255 2105 ailant

145 2129 295 2189 historici.
337 2131 428 2192 Solus
449 2133 479 2191 Τ
503 2130 653 2212 ecphanee
673 2132 799 2190 brevem
814 2133 902 2191 illem
923 2151 1031 2190 vocem
1052 2129 1147 2206 addit,
1167 2124 1254 2193 erice-

144 2217 210 2296 βῶς
232 2210 394 2296 ἐκοιμήθη.
435 2217 493 2276 Pie
513 2219 661 2292 moritur‚·
688 2220 716 2276 ai
734 2227 839 2276 tamen
868 2213 908 2274 ad
928 2217 1147 2295 poenitentiam
1168 2213 1288 2274 melea
1305 2213 1341 2270 ta

145 2319 167 2359 a
187 2297 351 2361 Theodora
377 2301 527 2362 factorum
557 2300 815 2382 comprobandam
841 2299 967 2360 eruditis
992 2303 1065 2359 viria
1094 2302 1167 2360 eatie
1192 2298 1253 2361 hoc

145 2405 215 2445 esee
234 2397 350 2467 potent,
372 2384 455 2468 quod
477 2407 518 2446 ex
538 2399 680 2447 consueta
697 2387 820 2468 imperii
840 2405 876 2446 ac
894 2387 1066 2468 principum
1087 2388 1253 2445 reverentia

145 2471 226 2532 uolet
253 2473 401 2551 usurpari.
442 2474 522 2532 Nam
547 2471 585 2532 de
607 2476 766 2539 Anaetaeio
794 2475 975 2551 imperatore
996 2474 1170 2546 Haeretico,
1199 2473 1253 2552 qui

146 2555 292 2616 divinitae
310 2558 439 2616 fulmine
458 2559 536 2618 ictuc
556 2559 687 2635 interiit,
713 2561 898 2618 luetiuianua
920 2557 1043 2617 novelle
1062 2559 1254 2638 quinquage-

143 2643 225 2702 eima
245 2661 343 2718 nona,
366 2653 397 2702 et
416 2643 489 2702 alibi
510 2663 600 2724 caepe
618 2647 677 2718 ait,
700 2637 893 2718 Ἀναστᾶσιος
915 2639 1007 2722 ὁτῆς
1027 2633 1172 2723 εὐσεβοῦς
1192 2635 1253 2723 λή-

144 2727 233 2802 ξεως.
273 2727 466 2787 Anaeeaeuu
490 2731 545 2806 qui
566 2731 620 2808 pie
648 2739 788 2788 mortuae
817 2739 872 2788 eet.
912 2729 954 2786 Et
973 2729 1022 2786 vir
1045 2729 1252 2788 emcmeimue

143 2811 242 2872 Sabae
263 2831 333 2872 aum
352 2810 462 2873 eodem
482 2816 639 2875 Haeretico
659 2817 841 2893 imperatore
867 2813 996 2893 loquens
1016 2815 1134 2880 veniere
1155 2832 1188 2872 ee
1209 2814 1253 2872 ait

144 2896 192 2970 εἰς
212 2891 247 2960 ed
266 2901 478 2978 προσκυνῆσαι
497 2895 535 2960 td
556 2898 626 2979 ipen
650 2903 707 2980 τῆς
730 2897 878 2982 ὑμετέρας
901 2891 1071 2978 εὐσεβείας,
1096 2895 1144 2957 ad
1169 2893 1253 2956 ado-

143 2979 251 3042 raeda
276 2985 409 3063 veetigia
437 2993 554 3044 vertrae
575 2985 721 3062 pictatia,
754 2982 836 3065 apud
855 2984 1005 3064 cyrillum
1024 2980 1249 3062 scythopolita-

143 3087 233 3127 num.
272 3069 315 3126 Iit
343 3065 494 3149 quidquid
523 3079 587 3150 erat
611 3071 829 3149 imperatorum
859 3088 895 3128 ea
922 3070 1125 3128 venerationis
1149 3067 1250 3128 forme

143 3152 375 3228 nominabatur,
404 3164 439 3213 ut
454 3156 547 3234 pium
574 3156 752 3234 imperium,
778 3157 870 3235 pium
892 3163 1003 3232 eaput,
1025 3155 1087 3233 pia
1106 3154 1251 3232 vectigic,

144 3257 186 3296 cc
201 3235 315 3318 pedae,
343 3232 456 3320 ου’σεβῆ
484 3238 570 3318 ἴχνη,
588 3241 632 3298 'in
662 3261 710 3321 ep.
733 3241 943 3321 epiecoporum
971 3236 1011 3297 ad
1037 3239 1250 3299 lastinianum.

142 3325 186 3382 Et
205 3323 400 3384 Marcellinus
417 3323 549 3384 eundem
568 3326 763 3387 Anaataeium
782 3343 885 3388 arrum
905 3324 1050 3405 appellat.
1091 3325 1173 3404 Lege
1192 3320 1251 3383 har

143 3419 231 3468 notae
254 3408 295 3468 ad
313 3428 385 3489 pag.
406 3413 446 3474 61
468 3411 524 3469 lin.
541 3415 573 3476 3.

229 3494 267 3553 Ρ.
278 3493 330 3569 41,
342 3499 374 3558 8.
416 3495 544 3574 Sergiue
555 3494 678 3556 Bacchi
690 3495 795 3575 filiu]
816 3495 895 3555 Trea
908 3489 1022 3553 Baccffi
1041 3491 1098 3552 lilii
1117 3491 1250 3552 matri-

143 3597 220 3638 cena
240 3577 435 3658 expeditione
459 3581 601 3657 fuerunt,
629 3583 744 3660 cyna,
765 3581 888 3659 Sergius
911 3589 942 3638 et
962 3579 1109 3638 Salomon
1128 3578 1249 3652 iunior3

143 3683 218 3724 nam
244 3665 347 3724 aenior
368 3661 479 3725 horum
509 3666 779 3742 cumularent,
805 3665 859 3747 qui
883 3673 954 3746 poet
973 3664 1155 3722 Beliearium
1182 3682 1247 3720 rem

142 3749 296 3828 praeclare
325 3752 419 3830 geeeit
444 3761 547 3811 contra
574 3753 775 3826 mauritanea,
805 3769 881 3832 quoa
908 3759 940 3809 et
970 3749 1094 3809 omnino
1123 3745 1247 3806 delerit.

141 3837 189 3893 De
210 3846 340 3916 utroque
353 3835 529 3912 Solomone,
550 3834 648 3918 deque
669 3837 769 3917 Sergii
788 3835 923 3896 moribue
941 3834 1040 3894 furiae
1060 3841 1151 3914 atque
1167 3833 1248 3891 libe-

143 3922 208 3979 riua
234 3921 339 3981 scribit
364 3922 530 4002 Procopius
559 3921 582 3982 l.
604 3927 626 3987 2
645 3921 719 3980 bell.
740 3918 838 3982 Vand.
863 3917 1038 4000 ibidemque
1065 3916 1104 3978 de
1133 3921 1247 3978 loenue

142 4007 299 4082 Sieinioli,
330 4027 407 4088 quae
439 4007 570 4068 mulum
598 4008 699 4068 lucem
729 4005 860 4066 afferunt
885 4003 958 4064 huic
984 4005 1063 4066 loco.
1105 4004 1247 4062 Meminit

142 4090 318 4152 Solomonia
343 4093 471 4154 eeniorie
498 4096 623 4175 eiusque
650 4093 765 4174 patriae
792 4087 971 4153 Solechonia
997 4086 1245 4171 Theophylactue

142 4177 311 4236 Simocatta
330 4177 353 4235 l.
375 4181 397 4242 2
416 4199 444 4238 c.
464 4177 497 4241 8.

229 4259 386 4337 1³.t1,1o.
405 4260 605 4344 Areobyrrtlu]
621 4262 748 4344 Legitur
757 4255 984 4340 etAreoleyudi3
995 4257 1073 4320 aliua
1084 4267 1140 4334 eet,
1154 4274 1247 4339 quem

143 4345 201 4408 enb
215 4347 374 4411 Anaetaeio
387 4351 517 4433 populue
533 4349 748 4433 imperatorem
766 4345 976 4426 ecmelutarit,
996 4355 1032 4407 at
1050 4343 1153 4407 acribit
1165 4344 1249 4402 ller-
