2959 4792
457 324 601 393 NOTAE
625 326 849 399 ALEMANNJ.
1129 324 1207 403 413

98 483 282 566 Ἰουδαίους,
311 488 364 554 καί
385 490 572 595 Σαμαρείτας
594 482 773 568 ιίιιοιιαλεῖςς
800 490 823 573 ἦ
845 488 991 568 Θεαεόιιας
1018 492 1091 575 μεταλ
1118 490 1208 559 ὅλων

102 580 241 639 ΜΑΝΔ.
260 571 342 650 Ἕως
362 571 435 639 πότε
457 574 582 678 {acron}
602 580 792 657 καταρᾶσθες
835 582 960 643 ΠΡΑΣ.
982 580 1074 655 εἴτις
1096 576 1133 644 ov'
1153 585 1203 645 λέ-

100 684 165 741 γει,
196 656 241 725 ὅτι
269 654 371 742 ὀρθῶς
397 656 534 725 πιστεύοι
561 658 769 743 ὅΔεσιεότης,
798 657 940 743 εἷνιίθεμα
968 659 1063 750 αὐτῷ,
1096 666 1137 740 είς
1162 672 1208 750 τῷ

99 744 209 830 Ἰοαδμ.
253 752 390 810 ΜΑΝΔ.
412 742 512 851 tyd‘
488 754 564 847 μμλν
592 748 666 857 λὲγμι
689 747 776 821 είς”
757 772 811 810 ενα
831 752 939 829 βαιιτίζ
923 754 1035 824 ζ.εσθαι
1081 732 1205 813 ΠΡΑΣ.

101 812 275 913 οἶνεβοησαν
296 827 398 895 indeo
420 827 576 912 ἀλλήλων,
598 834 649 895 sci
671 832 864 913 ἔκραζον,’
837 858 880 941 qr
900 832 1081 898 ἐκίλευσεν”
1075 842 1204 912 Αντλας,

102 920 147 993 είς
159 915 239 981 Ἕνα
259 920 448 999 βαπτίζομαι.
495 914 751 992 ΜΑΝΔίντιος
773 920 800 979 εί
820 944 864 1025 μη
886 915 1072 1001 ηαοχᾶσητε,
1095 916 1207 984 εἴποιε-

101 1002 265 1085 φαλίζιο’
243 1008 357 1149 υμᾶςῖ
384 1006 508 1065 ΠΡΑΣ.
539 1002 663 1077 ἕκαστος
692 998 864 1067 cceddes'
843 1004 941 1112 αρχῇν
952 1011 1123 1111 κρατῆσαι,
1152 1008 1205 1069 irc
1221 1017 1246 1071 Δ
1261 1017 1297 1073 64

102 1095 204 1194 σωθῇ.
246 1087 357 1151 ιιαλί
327 1110 382 1152 ers
411 1112 451 1150 αν
479 1088 609 1168 εἴπαμεν
637 1084 836 1196 θλιβόμενοι,
867 1115 909 1171 μη
939 1086 1146 1195 α’γαναιιτήσοι
1174 1090 1208 1156 rd

99 1171 237 1283 ιιριὶιος
241 1194 307 1237 σου.
354 1170 388 1235 cd
416 1170 474 1255 μὰρ
501 1180 589 1237 θεῖον
616 1172 740 1237 crimus
768 1170 913 1253 οἷνίχεται.
965 1172 1054 1280 λόγον
1082 1178 1206 1254 ἔχοντες,

101 1252 307 1341 αὐτοκράτορ,
335 1252 573 1360 ὀνομάζομεν”
552 1282 619 1361 αρτι
645 1256 753 1322 πάντα.
797 1265 861 1323 ποῦ
884 1259 965 1323 ἐστίν
992 1256 1048 1325 οὐκ
1070 1264 1206 1364 οί,ὃαμεν

101 1343 176 1409 odat
207 1342 241 1408 τὸ
270 1337 436 1451 πμλατιον,
467 1338 701 1447 τρισαιίγουσιε,
734 1339 806 1408 οοίλί
822 1349 986 1421 πολιτείας
1016 1343 1206 1421 κατάστασις.

100 1433 176 1513 μίαν
199 1431 242 1503 εἰς
262 1454 320 1531 την
337 1424 424 1491 πόλιν
445 1451 503 1530 προ
487 1424 680 1509 ο,ίρχομαι”’
661 1454 735 1492 οταν
756 1431 799 1505 είς
815 1428 1001 1511 Βουρδοίνην
1021 1432 1202 1511 καθέζομαι.

101 1518 169 1580 etue
190 1512 268 1619 μηδὲ
286 1508 353 1577 τότε
373 1532 593 1616 τρισανγουστε.
637 1520 774 1578 ΜΑΝΔ.
798 1516 920 1589 ενασιος
942 1514 1141 1597 ίλειίθερος”
1122 1542 1202 1581 οιτον

98 1602 215 1677 ἒθίλει,
248 1594 419 1672 οἷκινδιίνος
440 1594 620 1679 deprecandas.
664 1604 788 1663 ΠΡΑΣ
817 1600 869 1662 καί
889 1603 999 1681 θαρρῶ
1019 1602 1201 1684 ἐλευθερίας,

96 1686 152 1750 καί
173 1686 345 1793 ἐμφανίσαι
360 1679 398 1747 ον’
421 1689 638 1786 συγχωροῦμαι.
681 1684 733 1747 καί
756 1681 812 1749 dciv
839 1685 918 1749 ἔστιν
923 1686 1115 1787 ἐλεύθερος,
1143 1688 1202 1768 ἔχει
1218 1695 1243 1746 V
1258 1696 1311 1751 363

98 1770 311 1871 θλΠρασίνων
326 1766 490 1848 ὑπόληψιν,
510 1764 630 1844 πάντας
648 1770 691 1843 είς
707 1768 843 1873 φανερὸν
858 1766 1019 1847 κολάζεται
1062 1778 1198 1836 ΜΑΝΔ
1216 1782 1307 1838 Ρ136

98 1852 342 1962 ἕτοιμοθᾶναιοι,
364 1850 436 1918 ου’θλ
457 1858 518 1917 coir
532 1860 641 1935 ψυχῶν
661 1854 750 1933 αμεῑν
771 1858 948 1960 φείδεσθε.
967 1862 1089 1919 ΠΡΑΣ.
1112 1859 1201 1941 ineq-

98 1946 193 2007 θείτω
223 1937 257 2004 rd
285 1946 390 2023 χρῶμα
415 1944 515 2003 τοῦτο.
556 1934 661 2003 μαλ’
624 1964 658 2039 η
688 1942 767 2021 δίκη
787 1934 826 2003 od
852 1946 1029 2046 χρηματίζει
1072 1966 1144 2017 ανες
1170 1940 1203 2006 sd

126 2021 297 2091 ονεύεσθαι.
339 2021 440 2088 ιιαλ”
420 2047 496 2103 αφες
513 2018 725 2127 κολαζόμεθα.
770 2026 833 2097 tes,
858 2024 940 2130 πηγῇ
970 2023 1121 2131 βρῦμοσα,
1149 2028 1203 2091 καλ

97 2132 192 2189 ome
217 2110 317 2224 θέλεις
343 2110 459 2186 κόλαζε.
501 2100 629 2191 είληθιῖς
648 2105 705 2174 dv'o
725 2114 821 2175 ταῦτα
842 2133 880 2175 ον
903 2111 989 2197 φέρει
1016 2106 1201 2197 α’νθρεονιίνη

98 2371 130 2423 et
158 2360 323 2423 Securius
357 2382 413 2423 nos
447 2360 607 2443 appelles?
643 2363 684 2421 Et
712 2360 801 2423 nobis
831 2362 961 2443 propitia
993 2360 1115 2442 deipara
1144 2374 1201 2427 est.

97 2450 204 2509 Μειιο.
227 2450 387 2531 Quousque
408 2450 440 2507 in
462 2458 560 2507 vestra
577 2450 675 2529 capita
695 2446 857 2508 effundetis
872 2446 1058 2507 maledicta?
1101 2451 1200 2509 Pars.

97 2535 239 2615 Quisquis
260 2556 322 2595 uon
342 2545 420 2593 recte
443 2531 563 2593 credere
581 2536 752 2612 Augustum
773 2533 868 2608 dicat,
896 2546 929 2593 ut
949 2534 1061 2609 Iudae,
1090 2538 1133 2593 sic
1154 2537 1202 2595 itti

97 2618 327 2681 anathement.
369 2620 476 2678 Μιιιο.
497 2620 531 2679 Si
552 2640 602 2679 me
624 2619 744 2693 auditis,
766 2622 799 2677 iu
820 2639 916 2677 unum
938 2639 1043 2679 omnes
1064 2618 1201 2699 baptiza-

96 2708 207 2763 minor.
249 2706 347 2765 Ριιλε.
378 2706 578 2765 Tumultuose
600 2708 824 2779 exclamarunt3
854 2708 897 2763 aio
918 2715 951 2763 ut
972 2706 1078 2763 Antlas
1101 2708 1200 2777 iussit,

96 2792 129 2849 in
150 2810 247 2848 uuum
262 2791 407 2869 baptizor.
450 2792 557 2849 Μιιιο.
580 2792 719 2866 Omnino,
741 2793 801 2848 uisi
818 2792 1001 2871 quieveritis,
1024 2794 1121 2869 capite
1139 2811 1199 2869 pu-

96 2877 235 2934 niemini.
277 2878 375 2935 Pane.
406 2877 538 2956 Quisque
568 2876 661 2934 ambit
685 2878 863 2955 imperium,
893 2886 928 2933 ut
957 2894 1077 2933 securus
1107 2878 1199 2933 viret.

95 2964 137 3019 At
157 2980 213 3020 noa
235 2962 287 3043 qui
309 2964 339 3021 iu
368 2964 520 3021 aerumnis
539 2980 708 3037 versamur,
738 2959 886 3040 quidquid
908 2961 1078 3040 loquimur,
1110 2962 1200 3041 aequi

95 3044 228 3126 bonique
250 3047 386 3106 considat
407 3050 569 3125 imperium
588 3058 693 3105 tuum:
717 3066 790 3104 raam
812 3056 842 3104 et
863 3044 1001 3103 divinum
1022 3064 1134 3106 numen
1154 3048 1200 3103 sio

95 3150 201 3193 omnes
229 3130 343 3191 suffert.
392 3134 624 3206 Quaestionem,
656 3134 838 3211 imperator,
871 3128 1037 3204 hebemus,
1069 3130 1200 3211 ideoque

94 3218 199 3276 omnia
220 3213 271 3275 hic
291 3218 454 3297 loquimur.
498 3216 747 3297 Quandoquidem
768 3219 904 3294 Auguste
925 3219 1078 3290 maxime,
1100 3235 1198 3296 neque

95 3303 206 3378 curiae,
227 3322 327 3383 neque
349 3303 531 3383 reipublicae
554 3301 731 3381 dignitatem
753 3302 849 3360 ullam
871 3321 1027 3381 superesse
1041 3300 1199 3373 videmus3

92 3396 163 3445 tum
183 3388 283 3446 solum
310 3386 423 3467 prodeo
449 3390 482 3447 iu
510 3388 630 3457 urbem,
660 3408 729 3447 curn
757 3387 892 3447 Burdoni
918 3385 1054 3460 insideo,
1083 3388 1200 3444 utinam

93 3474 230 3551 Auguste
246 3477 390 3547 maxime,
412 3492 452 3531 ne
469 3484 535 3531 tum
552 3474 685 3552 quidem.
729 3474 836 3530 Mero.
860 3474 1000 3552 Quisquis
1015 3472 1102 3545 liber,
1121 3491 1199 3551 quo-

94 3576 225 3637 cumque
240 3558 361 3617 libitum
373 3559 420 3617 illi
443 3568 496 3633 est,
517 3579 620 3617 secure
636 3556 755 3637 prodire
774 3568 884 3636 potest.
927 3560 1025 3616 Pars.
1043 3558 1200 3614 Maesone

92 3642 232 3701 libertate
254 3643 331 3718 fido,
354 3664 411 3703 nec
430 3654 532 3702 tamen
554 3642 631 3701 mihi
651 3647 682 3701 in
705 3643 863 3723 publicrun
884 3646 986 3700 venire
1006 3644 1199 3721 permittitur.

92 3730 237 3809 Quisquis
258 3729 335 3787 liber
357 3732 405 3788 cui
419 3731 562 3788 Prasinae
583 3730 721 3787 factionis
742 3730 852 3786 iniecta
873 3728 1003 3806 suspicio
1025 3730 1073 3800 sit,
1096 3729 1199 3785 statim

90 3816 162 3873 luca
182 3814 284 3893 palam
305 3818 438 3893 punitur.
480 3816 587 3872 Maro.
617 3816 773 3871 Destinata
794 3814 876 3871 cruci
897 3816 1011 3893 capite,
1041 3814 1122 3869 itane
1144 3831 1200 3869 ve-

90 3910 170 3959 stras
192 3902 308 3959 animas
330 3897 506 3960 devoverist
549 3902 646 3958 Ριιιιε.
669 3900 791 3958 Scilicet
808 3897 963 3957 demedio
979 3898 1123 3955 tollamur
1143 3916 1199 3956 nos

89 3982 152 4043 hoc
173 3986 310 4063 insigniti
332 3986 439 4045 colore.
482 3988 608 4043 Interim
628 3985 730 4043 nullus
752 3987 792 4042 sit
816 3986 948 4042 iustitiae
970 3984 1064 4041 locus.
1109 3983 1160 4040 Tu
1182 4002 1201 4041 a

91 4068 236 4129 caedibus
263 4071 397 4143 abstin03
429 4090 464 4129 ac
491 4081 557 4128 tum
583 4070 813 4129 malefactorum
840 4090 896 4127 nos
925 4088 1038 4148 poenas
1067 4069 1200 4126 lucanus.

90 4158 133 4215 Ut
154 4156 227 4215 illae
252 4174 293 4214 ex
313 4156 397 4216 fonte
418 4156 530 4214 saliunt
553 4174 665 4237 aquae,
691 4158 732 4213 ita
755 4154 827 4213 fluat
849 4156 973 4213 illorum
995 4172 1099 4227 cruor,
1123 4173 1200 4233 quoa

90 4240 132 4301 ad
151 4242 337 4321 supplicium
359 4244 530 4320 expetieris.
573 4242 685 4301 Verum
707 4240 767 4299 duo
788 4240 842 4298 illa
864 4241 1057 4320 (iniustitiam
1079 4248 1108 4295 et
1131 4259 1201 4295 cru-

89 4326 262 4407 delitatem)
283 4322 452 4387 humanum
473 4328 630 4407 ingenium
650 4328 740 4407 plane
763 4322 913 4387 abhorret.
955 4326 1078 4385 Utinam
1095 4325 1127 4380 in
1148 4324 1199 4380 lu-
