2959 4792
497 278 642 351 NOTAE
665 276 891 349 limem
929 289 947 317 ²
1168 273 1248 352 427

141 445 304 509 ethonore
324 445 536 526 lastinianus,
567 466 629 529 quo
657 446 780 509 mcum
806 444 937 507 antehoc
957 445 1096 528 legatum
1115 448 1229 528 excepit
1233 467 1249 523 ,·

141 555 213 595 curn
233 536 314 593 enine
342 535 397 595 ille
416 554 517 595 secum
539 532 744 614 epulabatur,
774 531 1005 597 Braduce'onern
1026 536 1093 593 eice
1114 544 1251 592 aesecta-

142 631 256 697 torem,
283 640 322 679 erc
351 623 557 701 interpretem,
586 620 621 679 in
647 640 753 679 mensa
773 618 862 699 apud
885 639 918 677 ee
941 616 1114 679 decumbere
1133 620 1249 691 colui&

143 703 232 786 quod
255 726 417 786 nunquam
442 726 478 765 ee
506 707 590 767 omni
616 706 751 765 anteacti
779 706 924 784 temporie
944 707 1093 764 memoria
1114 724 1252 783 usurpa-

143 802 213 850 tum
237 792 316 867 fait.
359 792 443 851 Nam
469 793 679 871 interpretem,
707 809 780 849 cum
805 789 855 850 rel
882 790 984 869 infieri
1009 788 1129 850 ordinis
1149 793 1253 869 magi·

143 887 266 953 stratu,
294 873 407 935 nedum
429 897 501 935 cum
521 879 717 957 imperatore,
747 872 792 934 ad
809 894 945 935 moseum
968 874 1254 955 considere,nemo

145 970 191 1021 eet
221 963 276 1042 qui
302 960 426 1023 viderit.
470 963 556 1040 Quin
583 971 611 1020 et
629 958 837 1041 ledigunen
823 980 925 1039 epeurn
945 960 1034 1041 longe
1053 960 1254 1040 honodficen-

144 1049 226 1123 tius,
254 1068 350 1127 quom
374 1068 432 1127 pro
460 1046 558 1128 legati
583 1044 772 1122 conditione,
798 1048 928 1125 excepit,
956 1066 995 1105 oc
1022 1049 1153 1124 remieit;
1182 1047 1254 1105 licet

144 1133 276 1212 nullam,
298 1143 335 1193 ut
356 1132 433 1212 dici,
455 1154 517 1193 rem
537 1134 604 1192 eice
624 1132 740 1212 legatio
761 1134 933 1193 contineret.
974 1133 1058 1191 liaeo
1076 1134 1179 1191 miuus
1200 1152 1254 1190 ao-

145 1228 267 1294 curate,
299 1228 334 1277 ut
354 1238 446 1299 saepe
467 1219 544 1294 alia,
572 1219 783 1297 interpretatus
806 1227 852 1277 est
871 1213 1009 1297 Raphabl
1029 1218 1253 1278 Volaterranos.

144 1304 305 1363 caeterum
331 1301 479 1365 Cbosrois
506 1301 728 1363 Bradnciouem
763 1304 975 1383 interpretem,
1007 1313 1075 1381 post
1109 1300 1251 1379 reditum,

145 1389 211 1467 egit
231 1390 264 1447 in
286 1408 421 1463 crucem,
449 1392 514 1448 iure
541 1399 713 1469 suspectam
732 1385 849 1449 babens
875 1385 1087 1463 immodicam,
1118 1398 1150 1447 et
1172 1387 1253 1448 effu·

147 1492 215 1535 sam
234 1476 268 1531 in
289 1495 361 1533 erun
381 1474 539 1535 Iustiniani
563 1475 815 1534 benevolentiam.
857 1476 986 1553 Procop.
1007 1474 1031 1532 l.
1050 1473 1071 1535 8
1093 1471 1166 1533 hist.

231 1561 268 1618 Ρ.
286 1562 338 1635 87,
362 1562 414 1625 16.
455 1557 512 1620 Ae
531 1558 734 1619 barbworurn
755 1580 868 1619 morem
888 1579 921 1617 se
941 1560 1036 1618 citius
1059 1560 1253 1638 comparavit
1267 1562 1293 1619 Δ
1306 1564 1343 1621 76

144 1643 430 1721 remuneratricis,
453 1642 588 1725 ingenio]
617 1646 756 1705 Fortasse
776 1664 956 1720 sermonem,
978 1642 1176 1727 habitumque
1196 1664 1255 1725 pa-

145 1731 241 1789 trium
261 1727 390 1805 indicat,
411 1727 470 1799 boo
490 1740 552 1805 est,
570 1731 745 1810 Illyricum
774 1750 847 1790 nam
866 1732 981 1810 passim
1000 1732 1163 1811 Procopius
1185 1750 1254 1793 eam

147 1826 271 1893 gentem
290 1816 449 1875 barbaram
469 1826 572 1890 vocat,
602 1826 633 1875 et
660 1813 711 1875 hic
738 1836 770 1895 p.
792 1814 835 1881 94
855 1817 1010 1875 Romanus
1031 1836 1129 1876 senno
1149 1819 1182 1875 in
1203 1836 1255 1875 rs-

147 1902 278 1981 scriptis‚
302 1911 333 1960 et
352 1898 502 1960 mandatis
522 1900 667 1981 principis
688 1899 864 1981 aliquandiu
884 1898 1075 1980 perduravit,
1096 1904 1130 1959 in
1150 1902 1255 1981 priva-

147 1987 189 2045 tis
213 2003 284 2045 vcro
311 1986 561 2049 collocutionibus
590 1984 672 2066 apud
698 1986 820 2047 orientis
846 1987 1040 2066 imperatores
1065 1987 1156 2065 longe
1184 1997 1255 2045 ante

147 2072 350 2131 lastinianum
374 2069 499 2131 desueta
526 2090 575 2131 res
596 2083 671 2131 erat.
712 2074 749 2129 ln
775 2070 904 2151 publicis
930 2072 1124 2130 conventibus
1145 2073 1255 2130 Latine

148 2166 181 2215 et
202 2158 315 2217 Graece
341 2155 437 2215 iidem
457 2156 599 2231 orabant3
628 2166 663 2215 ut
682 2157 853 2216 Marcianus
873 2157 906 2215 in
931 2158 1059 2216 concilio
1085 2154 1256 2215 Chalcedo-

148 2244 257 2301 nensi:
280 2242 495 2302 constantinus
516 2260 645 2319 magnus
666 2244 699 2299 in
719 2244 834 2301 Nicena
858 2240 975 2321 synodo
995 2252 1064 2322 post
1084 2244 1257 2302 Romanam

150 2328 334 2403 orationem,
362 2326 434 2387 licet
454 2328 601 2387 Graecam
625 2337 655 2386 et
683 2328 821 2406 linguam
842 2328 978 2403 calleret,
1008 2329 1123 2387 Graeco
1153 2338 1258 2388 tamen

151 2423 198 2473 est
223 2432 297 2473 usus
324 2415 505 2492 interprete,
534 2422 569 2471 ut
598 2422 685 2472 autor
715 2424 761 2473 est
780 2413 973 2472 Eusebiuel.
995 2412 1078 2476 Sde
1100 2414 1155 2472 rit.
1175 2414 1259 2472 Cou-

150 2508 242 2559 stant.
264 2518 291 2557 c.
316 2503 366 2564 13.
409 2500 475 2571 Qua
494 2496 602 2557 itidem
622 2500 738 2557 ratione
764 2500 924 2578 rescripta,
951 2498 1094 2579 legesque
1114 2518 1260 2557 nonuun-

151 2604 246 2665 quam
267 2594 394 2663 unaque
414 2584 519 2662 lingua
538 2582 792 2663 proponebantur.
833 2584 890 2642 Rei
911 2602 1033 2642 causam
1051 2582 1150 2643 reddit
1166 2585 1259 2643 lusti-

150 2672 261 2729 nisnus
282 2669 404 2727 novella
421 2672 475 2735 66.
518 2669 630 2727 Graece
652 2667 778 2748 quidem
799 2662 898 2731 decl
867 2690 901 2731 ro
915 2691 958 2753 ep
944 2663 1090 2747 πλήθει
1109 2665 1259 2750 κατάλλη-

150 2758 224 2828 λον,
251 2756 359 2813 Latine
380 2772 451 2813 vero
473 2748 577 2816 diei
545 2776 579 2817 ro
600 2756 700 2833 σχῆμα
720 2758 778 2833 τῆς
796 2754 956 2827 πολιτείας.
997 2758 1034 2813 ln
1055 2754 1217 2833 publicis
1208 2774 1260 2813 m-

151 2840 373 2919 scriptionibus,
394 2840 571 2919 prccsertim
588 2840 806 2914 ecclesiasticis,
828 2841 942 2918 passim
960 2838 1144 2899 lastinianus
1161 2842 1260 2900 Grae-

151 2944 220 2983 cam
240 2926 378 3004 linguam
401 2922 573 2983 admiserat.
615 2926 651 2982 ln
673 2926 808 2984 nummis
833 2927 987 3004 integrum
1006 2928 1135 2984 servarit
1154 2927 1259 2985 locum

150 3011 297 3070 Romanis
318 3010 460 3085 vocibus3
484 3029 524 3068 ex
546 3010 654 3090 quibus
674 3012 766 3089 primi
786 3011 955 3085 Mauritius,
978 3019 1010 3068 et
1030 3011 1185 3069 Heraclius
1206 3028 1259 3069 eac

152 3105 316 3176 coeperunt
336 3113 522 3175 expungere.
566 3092 653 3167 Quod
683 3096 723 3153 ait
746 3094 784 3154 de
806 3096 937 3174 corporis
958 3091 1081 3170 habitu,
1110 3098 1260 3156 curiosam

152 3182 186 3240 in
206 3182 314 3261 primis
334 3200 400 3239 rem
420 3179 565 3239 brevitate
586 3180 748 3239 occidtarit
761 3181 873 3261 potins,
896 3200 989 3261 quam
1006 3181 1169 3260 explicarit
1182 3184 1261 3240 Pro-

153 3270 274 3347 copius3
295 3286 368 3325 nam
390 3284 431 3325 ex
452 3267 583 3347 antiquis
597 3266 756 3325 lastiniani
775 3268 909 3325 nummis
928 3268 1051 3325 nonnul
1070 3268 1261 3347 imperialem

153 3354 219 3413 cius
242 3352 348 3411 aetatis
369 3351 485 3410 cultum
506 3351 665 3411 observare
686 3361 743 3411 est.
785 3352 833 3409 En
853 3352 911 3411 tibi
924 3354 1073 3411 Iustinum
1093 3356 1160 3432 ipso
1181 3370 1260 3432 pene
1276 3352 1299 3409 Ρ
1318 3354 1370 3412 145

153 3438 313 3499 Iustiniani
337 3447 445 3497 ornatu
466 3456 500 3496 ao
522 3437 711 3517 supellectile
732 3438 876 3497 vestitum
897 3434 979 3517 apud
1000 3438 1165 3519 corippum
1184 3438 1209 3499 l.
1229 3440 1263 3503 2.

280 3520 470 3602 Egreditur,
491 3524 657 3602 tunicaque
670 3523 751 3603 pius
771 3520 932 3582 inducitur
951 3533 1054 3602 artur,

280 3609 389 3668 Aureo
409 3629 441 3665 se
460 3617 541 3666 veste
558 3618 671 3687 tegens.

281 3694 445 3771 Purpureo
465 3712 558 3751 rurae
579 3704 723 3753 resonant
734 3693 881 3771 fulgente
900 3690 1059 3771 colluano,

285 3778 443 3857 Cruraque
457 3780 601 3857 puniceis
621 3775 747 3837 ntuetr
764 3780 853 3858 regia
873 3779 994 3856 circlis,

281 3863 433 3924 Parthica
454 3884 605 3944 compano
626 3859 773 3923 dederant
793 3882 873 3944 quae
892 3873 1016 3943 tergora
1026 3860 1122 3942 suco.

283 3948 440 4029 Augusta
460 3950 537 4008 solie
556 3948 615 4009 lroe
635 3949 721 4009 cultu
741 3949 883 4029 competit
902 3950 961 4022 ate',

282 4034 345 4093 Sue
367 4055 499 4113 quorum
513 4032 649 4115 pedibus
667 4055 776 4115 regum
797 4045 841 4093 eet
860 4053 962 4096 cruor.
982 4064 1069 4079 --

284 4118 447 4179 Nobilibus
463 4123 611 4201 gemmis,
633 4129 662 4180 et
682 4130 766 4181 cocto
787 4115 913 4178 lucidm
933 4139 1012 4177 auro

283 4204 418 4264 Balteus
438 4204 587 4287 effulgens
607 4205 728 4265 landos
743 4206 918 4286 praecinxit
936 4203 1057 4285 heriles,

284 4288 513 4374 Sudatriotoque
531 4294 606 4353 eina
626 4294 720 4355 vertis
740 4290 851 4355 divino
868 4288 1010 4373 pependit
