2959 4792
146 1104 616 1249 CLAUDIUS
693 1126 1366 1269 missnensem

541 1344 813 1411 nsocuutrum
839 1344 951 1409 insu·
1004 1329 1019 1357 ‘·

330 1488 895 1576 uncnoeu'ouumuo
950 1496 988 1572 s.
1037 1470 1084 1572 n.

154 1849 423 1958 ΑΝΕΚΔΟΤΑ
442 1892 498 1956 iam
522 1893 611 1959 semel
637 1916 711 1959 anno
737 1899 831 1965 1623.
860 1893 990 1982 Lugduni
1015 1898 1146 1975 seperate
1173 1883 1258 1960 seis,

16 2076 17 2091 χ
155 1996 283 2079 adiungo
311 1993 430 2057 caeteris
449 1994 606 2061 Puecorn
635 1998 828 2073 Caesariensis
849 1996 997 2083 Operibus.
1041 1992 1123 2070 Ques
1150 1987 1261 2073 quidem
1360 2002 1368 2015 '

158 2100 196 2163 itu
216 2106 347 2160 recenset
366 2094 542 2182 Nicephorue
564 2098 670 2163 Callisti
687 2102 722 2165 F.
738 2111 767 2163 ut
787 2099 878 2163 locum
898 2100 1027 2163 Arnum
1044 2092 1109 2155 lude
1121 2088 1262 2154 Ηὶθῐθῑὶθθ

158 2214 327 2286 pomemum
337 2196 445 2261 nibnut.
488 2198 555 2285 Ego
565 2222 634 2265 vero
650 2202 791 2265 dedissem
804 2202 936 2289 primum,
960 2197 984 2261 si
998 2206 1103 2259 mutare
1116 2190 1154 2253 ob
1175 2190 1261 2253 lnter·

160 2299 247 2386 prelis
265 2297 392 2363 meritum
415 2298 545 2365 licuisset.
587 2301 662 2367 Noui
687 2294 802 2389 quantus
826 2303 869 2367 uir
894 2299 975 2365 luerit
991 2296 1156 2361 Nucouuus
1180 2292 1265 2355 An:-

159 2424 308 2467 msus:
329 2401 483 2486 amplector
496 2402 613 2467 nitorem
623 2403 700 2490 styli:
726 2405 831 2482 Notus,
853 2426 922 2489 quus
936 2399 1082 2465 historicus
1102 2391 1264 2482 appellauit,

17 2546 18 2579 ,
160 2501 297 2589 singulari
321 2502 419 2587 plenas
451 2504 605 2567 eruditione
634 2506 789 2571 deosculor.
832 2505 987 2568 Addiderat
1015 2494 1174 2574 censoriae,
1203 2495 1265 2557 siva

162 2602 266 2667 Graeci
295 2613 385 2667 textus
409 2604 645 2691 recognitionem,
680 2606 709 2669 in
727 2606 875 2671 lectionum
896 2604 1071 2678 numium,
1106 2611 1136 2663 et
1158 2617 1265 2671 eornm,

162 2725 235 2790 quae
254 2702 461 2794 Tppographus
481 2718 662 2792 peccaverat,
686 2708 860 2773 correctione
875 2706 995 2771 maxime
1016 2704 1143 2790 positam.
1184 2698 1265 2767 Eius·

163 2806 239 2871 modi
264 2820 344 2871 none
360 2804 458 2881 omisi,
488 2818 582 2891 utpote
602 2807 657 2873 iam
682 2808 803 2874 inutiles:
832 2832 894 2873 enm
912 2821 941 2873 et
966 2807 1103 2871 lectiones
1122 2798 1268 2866 venusin

163 2907 294 2995 margine
320 2906 518 2993 disposuerim,
564 2921 592 2973 et
619 2911 735 2973 mundus
764 2909 894 2973 editionis
926 2906 1121 2995 Lugdunensis
1148 2900 1265 2967 vitarim.

163 3009 304 3075 Nonnulla
326 3022 419 3073 tamen
441 3008 702 3095 collegissem,
729 3012 865 3095 retulique
889 3010 917 3073 in
939 3009 1147 3073 emendationes
1170 3026 1267 3069 mens:

163 3112 213 3177 ubi
227 3112 311 3175 etiam
323 3111 576 3197 interpretationem
594 3113 681 3199 ipsum
697 3112 818 3177 correxi.
860 3112 934 3177 Num
948 3112 1004 3175 lunc
1020 3110 1048 3173 in
1068 3110 1140 3173 libro
1158 3121 1202 3171 ter
1222 3114 1270 3167 eut

164 3224 262 3300 qnater
279 3212 445 3298 Procopius,
468 3214 521 3277 nisi
546 3213 645 3291 lullor,
670 3214 746 3279 aliud
761 3216 888 3293 Graece,
911 3214 986 3279 eliud
1000 3210 1099 3276 Latine
1120 3207 1195 3273 dicit.
1236 3205 1270 3269 ld

165 3315 241 3402 quod
264 3314 348 3379 uelde
371 3315 518 3380 hurnsnum
538 3328 589 3381 est.
632 3316 689 3382 Vix
707 3314 787 3379 'euim
809 3328 900 3401 potest
923 3315 1000 3390 lieri,
1025 3324 1053 3377 ut
1077 3332 1139 3374 cum
1162 3305 1270 3372 Aether
1388 3382 1398 3391 ⁶

165 3416 301 3502 quispiam
321 3417 412 3482 euasit
430 3422 593 3505 δίγλωσσος
615 3440 649 3481 uc
669 3417 764 3504 lingna
786 3416 887 3502 duplici
908 3412 1041 3501 loquitur,
1069 3424 1183 3497 utraque
1197 3428 1268 3470 sem·

166 3539 220 3602 per
243 3529 366 3592 constet,
397 3542 449 3583 nec
472 3519 584 3584 diverse
611 3520 748 3583 interdum
776 3516 908 3606 proteret.
950 3513 1140 3594 Quamobrem
1165 3507 1269 3573 mutius

166 3618 279 3683 muniis
299 3640 391 3706 agere
405 3620 501 3698 soleo,
524 3621 586 3709 qui,
614 3635 641 3687 nt
663 3622 702 3686 ita
719 3620 822 3696 dicam,
845 3638 897 3683 ore
917 3631 979 3683 sunt
998 3616 1112 3705 gemino
1139 3609 1267 3699 praediti.

167 3720 374 3807 diligenterque
394 3724 521 3800 utendo,
551 3746 614 3786 num
636 3743 689 3785 nno
714 3744 812 3786 verum
832 3721 1020 3807 pronuntient,
1052 3718 1140 3782 ultoro
1161 3714 1268 3777 lalsnm.

167 3822 218 3886 Sic
237 3822 364 3885 attendas
383 3824 468 3889 uelim
489 3824 525 3889 ad
548 3847 598 3902 ea,
625 3845 696 3910 quae
719 3823 781 3910 ipso
802 3824 831 3886 in
851 3822 977 3886 Latinum
996 3818 1075 3886 uerti.
1117 3819 1177 3883 laun
1200 3834 1270 3882 uero

167 3923 246 4002 sine,
286 3926 437 4004 annou,
470 3926 566 4012 paucis
593 3946 805 3991 commemorem
832 3923 997 3989 beneficium
1025 3922 1059 3989 lt.
1090 3919 1122 3986 P.
1151 3915 1267 3982 Possini.

166 4026 252 4089 Eram
266 4027 414 4091 admodum
429 4029 608 4106 adolescens,
631 4039 659 4091 et
673 4052 688 4091 u
702 4025 819 4090 consilio
832 4024 1025 4111 smcipiendae
1038 4016 1269 4107 interpretationis

165 4126 298 4212 Procopii
327 4127 490 4215 longissime
515 4130 640 4205 eborum
671 4128 781 4214 mando
808 4124 880 4190 inter
906 4125 992 4212 ipsios
1015 4146 1110 4188 manus
1136 4122 1270 4187 Codicem

165 4229 221 4293 uidi
243 4228 329 4295 liuins
349 4230 486 4297 llistoriae
506 4230 568 4297 MS.
591 4252 671 4318 quein
693 4229 781 4293 habet
801 4226 969 4313 amplissime
986 4225 1161 4289 Bibliotliece
1180 4225 1271 4287 luun—
1321 4271 1332 4290 .

163 4356 338 4400 erucem
361 4330 579 4400 Carcsnuauu
593 4334 695 4399 Penus
715 4334 893 4397 Sneumsu.
936 4328 981 4393 Ex
1002 4326 1107 4421 soille
1127 4325 1155 4389 in
1176 4345 1271 4390 exem·
