2959 4792
210 278 285 388 aot
554 282 600 355 ro
625 282 736 354 mer.
761 282 960 355 monum

208 448 374 531 guntionis
403 448 535 509 carmine
564 446 715 511 describit.
758 450 942 512 senioremi
971 454 1078 514 Nonne
1102 447 1210 513 vident
1233 446 1317 511 illud

206 540 356 598 nomisma
379 556 457 595 anno
472 536 640 596 Iustiniani.
684 556 715 599 s.
736 536 871 598 secundo
892 559 1000 599 cusum
1020 535 1137 599 fuissei
1157 541 1224 598 lmo
1244 558 1317 596 cum

206 620 245 681 de
266 621 324 681 bac
344 642 377 681 re
405 624 593 681 considerem
618 618 858 683 illustrissimum
879 624 969 685 card.
990 626 1190 685 Barbetium
1214 626 1317 681 virum

206 706 246 767 de
272 710 356 769 omni
380 726 489 787 genere
520 708 689 767 litterarum
714 710 793 768 bene
821 713 981 787 meritum,
1011 731 1054 770 ex
1080 709 1229 769 ditissimo
1257 727 1316 768 suo

204 812 340 868 musaeo,
365 795 398 851 in
420 812 479 875 quo
501 804 615 853 certant
634 796 713 853 inter
733 813 767 855 se
786 814 888 854 rerum
910 798 1074 877 antiquitas
1097 806 1127 854 et
1147 795 1315 875 opulentia,

206 878 267 939 duo
295 880 422 959 protulit
448 898 538 937 aurea
562 882 744 939 nomismata
766 892 873 961 quarto
893 892 924 941 et
945 892 1033 942 sexto
1055 900 1135 941 auno
1155 879 1318 940 lastiniani

205 983 297 1037 orrea3
326 963 489 1045 inquibus
515 976 563 1023 ter
584 963 784 1025 nihilominus
810 970 936 1047 repetita
956 978 1003 1027 est
1023 968 1124 1025 littera
1151 984 1181 1024 o.
1226 964 1318 1023 Alte-

205 1068 274 1108 rum
288 1048 340 1108 bic
362 1052 481 1129 accipe:
504 1051 633 1109 alterum
651 1049 790 1111 dabimus
808 1054 897 1111 iufra.
939 1054 1107 1113 lucisoram
1126 1053 1181 1109 ille
1202 1050 1317 1110 ebosus

204 1145 262 1193 est.
314 1138 350 1193 ln
378 1137 438 1193 alio
471 1154 596 1194 nummo
624 1134 659 1199 ie
688 1140 745 1200 τοῦ
772 1136 912 1201 ἐναντίον
944 1149 1125 1219 peccarunt,
1154 1133 1317 1195 atrides.

205 1218 286 1298 [vid.
308 1219 360 1298 lig.
383 1218 425 1300 4.]
474 1240 507 1281 n.
529 1239 560 1281 r.
581 1239 739 1283 marmus.
765 1242 818 1283 rr.
838 1241 1053 1284 reseremus.
1076 1242 1106 1282 e.
1129 1242 1159 1281 r.
1180 1238 1256 1279 suo.
1278 1222 1318 1280 in

205 1324 267 1385 quo
288 1304 403 1375 litteras
417 1306 602 1386 singulares,
624 1318 656 1366 et
669 1318 839 1367 extremam
856 1326 931 1368 suo.
949 1312 1103 1388 geminare
1122 1308 1317 1388 oportuisset.

205 1394 319 1452 Verum
340 1389 415 1451 haec
437 1394 582 1451 ousiosim
602 1395 762 1475 persequi,
783 1414 847 1455 non
863 1391 954 1453 buius
976 1404 1022 1454 est
1038 1396 1104 1452 otii.

115 1485 141 1538 Δ
155 1482 192 1541 46
292 1478 327 1535 P.
350 1476 409 1551 68,
433 1482 465 1542 7.
516 1478 633 1537 Nullus
658 1498 693 1537 ee
719 1490 844 1559 amatu,
865 1490 922 1539 etc.
946 1476 1173 1560 prohibendam
1198 1476 1319 1535 arcuit

205 1581 269 1621 rem
289 1558 507 1643 detestabilem]
543 1564 731 1623 contrarium
752 1566 912 1625 Aimoinus
932 1567 956 1623 l.
977 1570 998 1629 2
1020 1586 1047 1624 c.
1069 1564 1100 1627 6.
1146 1560 1238 1641 Quod
1250 1563 1318 1639 fa·

205 1658 291 1705 ctum
310 1646 495 1706 vehementer
515 1648 677 1707 abhorruit
694 1650 848 1730 populue,
870 1660 1054 1728 cunctaeque
1071 1660 1215 1721 senatur,
1236 1644 1318 1705 adeo

204 1743 241 1791 ut
256 1732 368 1809 palam
389 1733 556 1791 clamarent
577 1734 731 1811 nefariam
757 1756 821 1793 rem
836 1736 951 1815 secieee
971 1734 1167 1814 Auguetm,
1195 1743 1232 1791 ut
1247 1753 1318 1809 pre-

204 1817 302 1877 blicae
324 1816 503 1877 adiectionis
523 1830 659 1877 ecortum
679 1819 740 1878 eibi
754 1820 913 1899 copularet
926 1823 958 1879 in
971 1822 1214 1879 matrimonium.
1239 1818 1318 1877 Hac

207 1902 323 1962 Caeear
345 1906 523 1984 exagitatur
544 1906 674 1979 iniuria,
691 1906 856 1985 pleroeque
875 1917 1051 1965 renatorum
1067 1904 1211 1985 pertrahi
1230 1903 1318 1960 iubet

203 1987 250 2047 ad
267 2008 375 2052 necem.
421 1989 508 2067 Quae
522 2010 569 2047 rea
584 1992 618 2048 in
637 2000 762 2048 tantum
772 1995 936 2071 perterruit
949 1990 1078 2070 plebem,
1100 2001 1137 2048 ut
1150 1990 1212 2047 eibi
1226 1991 1318 2068 quie-

203 2095 261 2154 que
278 2086 410 2135 metuens
431 2075 594 2134 conatibue
613 2078 680 2133 eiua
700 2078 735 2134 in
751 2086 909 2155 porterum
930 2078 1054 2134 minime
1070 2074 1195 2133 obviare
1213 2071 1318 2131 aude-

201 2172 254 2221 ret.
297 2161 380 2221 Haeo
406 2180 477 2219 vera
498 2162 631 2221 siluisset
652 2160 841 2240 Procopius'i
869 2162 997 2221 fortasse
1025 2162 1186 2220 Aim0inus
1213 2160 1317 2217 innuit

201 2247 280 2304 iacta
300 2248 334 2305 in
354 2248 556 2305 lastinianum
578 2266 646 2305 eam
668 2246 705 2305 ob
728 2266 793 2305 rem
814 2250 949 2306 convicia
975 2250 1009 2305 in
1033 2248 1111 2306 circo
1131 2256 1162 2304 et
1182 2242 1315 2321 theatro,

201 2329 286 2413 quod
308 2335 392 2390 etin
415 2334 482 2391 aliis
505 2332 658 2391 autoribus
680 2334 823 2411 legimus.

286 2419 324 2475 P.
347 2421 398 2492 68,
420 2418 451 2479 9.
498 2418 618 2476 Nullae
636 2417 840 2496 Antictitum]
870 2412 1077 2495 Epiphaniam
1097 2416 1316 2476 comtantino·

201 2502 371 2581 politanam
386 2500 589 2582 patriercham
609 2500 659 2561 hic
681 2505 842 2583 praecipue
868 2504 971 2581 carpit,
995 2521 1056 2583 quo
1077 2500 1238 2574 ἐπιθέντος
1257 2497 1317 2574 τᾶς

91 2598 115 2652 P
134 2598 186 2655 12³
202 2592 319 2667 χεῖρας,
341 2606 453 2645 manue
474 2588 641 2666 imponente
661 2606 746 2647 more
763 2590 914 2647 maiorum
931 2590 1114 2647 lustinienue
1136 2585 1230 2646 adivit
1250 2588 1316 2643 im-

201 2673 337 2751 perium,
359 2680 393 2729 ut
413 2672 545 2753 cyrillus
565 2670 832 2753 scythopolitanus
853 2672 997 2753 explicat.

287 2758 323 2815 P.
346 2760 397 2831 68,
425 2762 476 2821 10.
521 2758 584 2836 Qui
607 2778 675 2817 eam
698 2756 855 2817 dominam
875 2769 951 2817 esset
971 2754 1315 2837 compellaturue180i-

201 2842 274 2902 licet
296 2852 326 2900 et
348 2838 429 2900 huno
449 2844 589 2924 Procopii
611 2844 713 2903 locum
733 2854 877 2923 urgeant,
899 2846 953 2925 qui
973 2845 1062 2901 illum
1082 2844 1222 2921 Gregorii
1242 2860 1314 2899 ma-

202 2928 257 3006 gni
277 2927 364 2986 nobis
386 2926 566 3004 obtrudunt,
594 2930 648 2988 ubi
672 2932 848 2990 Mauritium
874 2931 1088 3009 imperatorem
1110 2938 1141 2986 et
1161 2928 1314 2986 Constan-

202 3016 278 3071 tiam
298 3017 468 3091 Augustam
492 3018 698 3075 mantissimas
726 3016 866 3095 pontifex
891 3013 1032 3073 dominor
1056 3021 1155 3073 vocet.
1197 3014 1315 3071 Proco-

201 3101 272 3178 pius
294 3118 387 3179 quam
407 3101 540 3159 nominis
560 3102 644 3161 illius
663 3102 776 3160 fastum
797 3102 956 3181 vituperet,
978 3098 1073 3159 habeo
1094 3099 1174 3157 infra
1188 3118 1219 3177 p.
1237 3096 1313 3159 134.

202 3184 382 3261 Gregorius,
414 3187 527 3267 aliique
548 3189 640 3266 prisci
665 3187 836 3267 pontifices,
866 3196 897 3245 et
918 3188 1041 3244 orientis
1063 3186 1197 3265 episcopi
1217 3202 1314 3263 qnam

129 3346 132 3351 Ι
201 3267 348 3345 modeste,
371 3280 401 3329 et
414 3273 677 3351 συγκαταβατικοῖς
690 3270 723 3329 id
738 3274 863 3350 egerint,
886 3290 991 3331 omues
1004 3271 1191 3349 intelligtmt.
1232 3271 1314 3326 Nam

201 3356 332 3413 Romani
354 3352 478 3437 quidam
499 3356 664 3435 pontifices,
687 3376 763 3439 quos
780 3376 821 3414 ex
841 3376 899 3415 usu
919 3356 1048 3437 reipubl.
1070 3354 1219 3428 dominos,
1242 3373 1313 3413 eoe-

202 3437 274 3499 dem
300 3442 366 3499 iure
390 3440 468 3501 filios
491 3442 693 3523 appellabant.
736 3440 902 3501 Adriaaue
921 3444 1097 3521 Epiecopue
1117 3460 1223 3499 cervus
1244 3460 1313 3498 eer-

199 3545 310 3587 vorum
332 3524 381 3584 dei
402 3523 536 3585 dontinie
558 3530 711 3606 piierimie
731 3540 760 3587 et
785 3530 988 3586 rennuente
1012 3548 1052 3586 ac
1072 3524 1314 3604 triumplialibus

200 3610 457 3689 imperatoribue,
481 3612 566 3691 fiiiie
594 3610 763 3693 diligendis
789 3616 823 3672 in
842 3611 898 3671 deo
924 3624 952 3671 et
972 3610 1097 3671 domino
1117 3623 1221 3669 nostro
1242 3610 1312 3671 Ieeu

203 3696 325 3755 Chriato
350 3698 550 3757 Constantino
572 3709 601 3757 et
622 3698 728 3759 Irenae
749 3698 916 3779 Auguetie.
959 3700 1000 3757 Et
1018 3701 1052 3757 in
1077 3706 1222 3758 contextu
1243 3698 1312 3775 epi-

200 3782 313 3841 stolae:
341 3786 487 3842 Piieeimi
515 3794 545 3842 et
574 3784 831 3863 tranquillissimi
858 3782 976 3843 domini
1002 3794 1031 3841 et
1055 3784 1128 3860 filii.
1170 3780 1310 3839 Eandem

201 3866 404 3945 compellandi
421 3870 551 3927 formem
572 3870 742 3929 observavit
755 3867 885 3949 Agatho,
908 3888 979 3928 cum
999 3870 1031 3927 in
1046 3865 1221 3948 epigraphe,
1242 3878 1310 3925 tum

200 3953 234 4010 in
255 3964 400 4012 contextu
426 3973 530 4013 earum
551 3955 735 4030 litterarum,
766 3975 842 4038 quas
868 3976 924 4035 pro
946 3955 1073 4014 concilio
1096 3954 1311 4013 Constantino-

200 4036 335 4117 politano
364 4050 452 4099 sexto
487 4037 527 4097 ed
548 4042 777 4101 Constantinum
798 4044 973 4100 Heraclium
1005 4050 1036 4099 et
1063 4040 1223 4100 Tiberium
1242 4042 1311 4096 Au·

201 4134 305 4201 gustos
327 4121 421 4183 dedit.
463 4126 514 4183 lix
537 4127 732 4186 orientalibus
762 4138 865 4185 autem
881 4124 1042 4207 'episcopis
1066 4126 1158 4206 plane
1186 4125 1310 4183 fuerunt

202 4207 364 4289 atquibus
391 4227 427 4269 eo
457 4212 503 4269 uti
528 4215 651 4271 nomine
679 4232 742 4273 non
766 4212 873 4287 libuit,
902 4222 937 4271 ut
956 4213 1084 4271 Leontio
1105 4210 1309 4290 Tripolitano,

203 4313 295 4375 quem
315 4314 372 4357 sna
392 4304 474 4357 estes
497 4294 621 4363 Κανόνα
641 4300 697 4382 τῆς
716 4297 884 4381 ἐκκλησίας,
903 4297 1047 4359 eccleciae
1066 4316 1216 4379 nomano,
1236 4296 1310 4356 licet
