<?xml version="1.0" encoding="UTF-8"?>
<!DOCTYPE html PUBLIC "-//W3C//DTD XHTML 1.0 Transitional//EN"
    "http://www.w3.org/TR/xhtml1/DTD/xhtml1-transitional.dtd">
<html xmlns="http://www.w3.org/1999/xhtml" xml:lang="en" lang="en">
 <head>
  <title>
</title>
<meta http-equiv="Content-Type" content="text/html;charset=utf-8" />
  <meta name='ocr-system' content='tesseract 3.04.00' />
  <meta name='ocr-capabilities' content='ocr_page ocr_carea ocr_par ocr_line ocrx_word'/>
</head>
<body>
  <div class='ocr_page' id='page_1' title='image "./corpusscriptoru15theogoog_0459.png"; bbox 0 0 2959 4792; ppageno 0'>
   <div class='ocr_carea' id='block_1_1' title="bbox 439 246 1185 380">
    <p class='ocr_par' dir='ltr' id='par_1_1' title="bbox 439 246 1185 380">
     <span class='ocr_line' id='line_1_1' title="bbox 439 246 1185 380; baseline 0.004 -3"><span class='ocrx_word' id='word_1_1' title='bbox 439 308 583 377; x_wconf 75' lang='lat' dir='ltr'><strong>nonu</strong></span> <span class='ocrx_word' id='word_1_2' title='bbox 607 246 863 378; x_wconf 76' lang='lat' dir='ltr'><strong>unarum</strong></span> <span class='ocrx_word' id='word_1_3' title='bbox 1109 302 1185 380; x_wconf 83' lang='lat'><strong>411</strong></span> 
     </span>
    </p>
   </div>
   <div class='ocr_carea' id='block_1_2' title="bbox 76 472 1283 4402">
    <p class='ocr_par' dir='ltr' id='par_1_2' title="bbox 81 472 1220 898">
     <span class='ocr_line' id='line_1_2' title="bbox 84 472 1187 557; baseline 0 -20"><span class='ocrx_word' id='word_1_4' title='bbox 84 475 224 552; x_wconf 62' lang='lat' dir='ltr'><strong>diutine,</strong></span> <span class='ocrx_word' id='word_1_5' title='bbox 251 484 287 534; x_wconf 93' lang='lat' dir='ltr'><strong>ut</strong></span> <span class='ocrx_word' id='word_1_6' title='bbox 311 473 426 557; x_wconf 77' lang='lat' dir='ltr'><strong>partim</strong></span> <span class='ocrx_word' id='word_1_7' title='bbox 453 474 491 533; x_wconf 88' lang='lat' dir='ltr'><strong>ab</strong></span> <span class='ocrx_word' id='word_1_8' title='bbox 517 474 748 555; x_wconf 72' lang='lat' dir='ltr'><strong>imperatoribus</strong></span> <span class='ocrx_word' id='word_1_9' title='bbox 775 472 918 535; x_wconf 85' lang='lat' dir='ltr'><strong>derantur</strong></span> <span class='ocrx_word' id='word_1_10' title='bbox 943 472 1080 552; x_wconf 74' lang='lat' dir='ltr'><strong>obsidet,</strong></span> <span class='ocrx_word' id='word_1_11' title='bbox 1109 486 1139 537; x_wconf 91' lang='lat' dir='ltr'><strong>et</strong></span> <span class='ocrx_word' id='word_1_12' title='bbox 1167 497 1187 537; x_wconf 83' lang='lat' dir='ltr'><strong>a</strong></span> 
     </span>
     <span class='ocr_line' id='line_1_3' title="bbox 84 561 1187 641; baseline -0.002 -18"><span class='ocrx_word' id='word_1_13' title='bbox 84 563 218 623; x_wconf 84' lang='lat' dir='ltr'><strong>barbaris</strong></span> <span class='ocrx_word' id='word_1_14' title='bbox 245 561 429 641; x_wconf 81' lang='lat' dir='ltr'><strong>perlibenter</strong></span> <span class='ocrx_word' id='word_1_15' title='bbox 457 562 672 641; x_wconf 78' lang='lat' dir='ltr'><strong>acciperentur.</strong></span> <span class='ocrx_word' id='word_1_16' title='bbox 719 562 851 620; x_wconf 65' lang='lat' dir='ltr'><strong>Basilius</strong></span> <span class='ocrx_word' id='word_1_17' title='bbox 877 572 963 641; x_wconf 88' lang='lat' dir='ltr'><strong>pater</strong></span> <span class='ocrx_word' id='word_1_18' title='bbox 990 564 1027 621; x_wconf 86' lang='lat' dir='ltr'><strong>ab</strong></span> <span class='ocrx_word' id='word_1_19' title='bbox 1055 566 1187 623; x_wconf 81' lang='lat' dir='ltr'><strong>Anasta-</strong></span> 
     </span>
     <span class='ocr_line' id='line_1_4' title="bbox 83 646 1188 729; baseline -0.001 -20"><span class='ocrx_word' id='word_1_20' title='bbox 83 652 129 709; x_wconf 84' lang='lat' dir='ltr'><strong>aio</strong></span> <span class='ocrx_word' id='word_1_21' title='bbox 151 650 250 706; x_wconf 81' lang='lat' dir='ltr'><strong>Peraia</strong></span> <span class='ocrx_word' id='word_1_22' title='bbox 273 646 359 707; x_wconf 82' lang='lat' dir='ltr'><strong>dotus</strong></span> <span class='ocrx_word' id='word_1_23' title='bbox 381 656 442 721; x_wconf 85' lang='lat' dir='ltr'><strong>eat,</strong></span> <span class='ocrx_word' id='word_1_24' title='bbox 476 657 506 705; x_wconf 91' lang='lat' dir='ltr'><strong>et</strong></span> <span class='ocrx_word' id='word_1_25' title='bbox 536 666 614 705; x_wconf 83' lang='lat' dir='ltr'><strong>auno</strong></span> <span class='ocrx_word' id='word_1_26' title='bbox 636 648 701 706; x_wconf 83' lang='lat' dir='ltr'><strong>eiua</strong></span> <span class='ocrx_word' id='word_1_27' title='bbox 728 648 849 727; x_wconf 89' lang='lat' dir='ltr'><strong>imperii</strong></span> <span class='ocrx_word' id='word_1_28' title='bbox 870 650 975 729; x_wconf 84' lang='lat' dir='ltr'><strong>quirrto</strong></span> <span class='ocrx_word' id='word_1_29' title='bbox 997 646 1115 707; x_wconf 84' lang='lat' dir='ltr'><strong>decimo</strong></span> <span class='ocrx_word' id='word_1_30' title='bbox 1137 670 1188 707; x_wconf 87' lang='lat' dir='ltr'><strong>re-</strong></span> 
     </span>
     <span class='ocr_line' id='line_1_5' title="bbox 83 730 1220 815; baseline 0.001 -22"><span class='ocrx_word' id='word_1_31' title='bbox 83 734 236 815; x_wconf 80' lang='lat' dir='ltr'><strong>demptus.</strong></span> <span class='ocrx_word' id='word_1_32' title='bbox 278 730 493 813; x_wconf 81' lang='lat' dir='ltr'><strong>Theophanes.</strong></span> <span class='ocrx_word' id='word_1_33' title='bbox 535 734 663 793; x_wconf 79' lang='lat' dir='ltr'><strong>loannes</strong></span> <span class='ocrx_word' id='word_1_34' title='bbox 691 752 764 794; x_wconf 83' lang='lat' dir='ltr'><strong>vero</strong></span> <span class='ocrx_word' id='word_1_35' title='bbox 792 733 872 793; x_wconf 84' lang='lat' dir='ltr'><strong>filine</strong></span> <span class='ocrx_word' id='word_1_36' title='bbox 894 732 981 793; x_wconf 79' lang='lat' dir='ltr'><strong>datur</strong></span> <span class='ocrx_word' id='word_1_37' title='bbox 1009 733 1119 794; x_wconf 72' lang='lat' dir='ltr'><strong>iisdem</strong></span> <span class='ocrx_word' id='word_1_38' title='bbox 1141 744 1188 795; x_wconf 84' lang='lat' dir='ltr'><strong>eat</strong></span> <span class='ocrx_word' id='word_1_39' title='bbox 1218 759 1220 766; x_wconf 95' lang='lat'>·</span> 
     </span>
     <span class='ocr_line' id='line_1_6' title="bbox 81 818 773 898; baseline -0.004 -18"><span class='ocrx_word' id='word_1_40' title='bbox 81 840 101 880; x_wconf 88' lang='lat' dir='ltr'><strong>a</strong></span> <span class='ocrx_word' id='word_1_41' title='bbox 122 819 280 879; x_wconf 79' lang='lat' dir='ltr'><strong>Beliearic.</strong></span> <span class='ocrx_word' id='word_1_42' title='bbox 322 821 487 898; x_wconf 76' lang='lat' dir='ltr'><strong>Procopius</strong></span> <span class='ocrx_word' id='word_1_43' title='bbox 507 818 531 877; x_wconf 87' lang='lat' dir='ltr'><strong>l.</strong></span> <span class='ocrx_word' id='word_1_44' title='bbox 551 822 576 881; x_wconf 80' lang='lat'><strong>2·</strong></span> <span class='ocrx_word' id='word_1_45' title='bbox 593 818 666 877; x_wconf 87' lang='lat' dir='ltr'><strong>bell.</strong></span> <span class='ocrx_word' id='word_1_46' title='bbox 686 821 773 879; x_wconf 83' lang='lat' dir='ltr'><strong>Pera.</strong></span> 
     </span>
    </p>

    <p class='ocr_par' dir='ltr' id='par_1_3' title="bbox 76 901 1283 2503">
     <span class='ocr_line' id='line_1_7' title="bbox 168 901 1190 984; baseline 0 -21"><span class='ocrx_word' id='word_1_47' title='bbox 168 908 204 963; x_wconf 92' lang='grc' dir='ltr'><strong>Ρ.</strong></span> <span class='ocrx_word' id='word_1_48' title='bbox 220 902 273 978; x_wconf 82' lang='grc'><strong>78,</strong></span> <span class='ocrx_word' id='word_1_49' title='bbox 297 906 348 967; x_wconf 94' lang='grc'><strong>11.</strong></span> <span class='ocrx_word' id='word_1_50' title='bbox 390 906 531 963; x_wconf 79' lang='lat' dir='ltr'><strong>Pretium</strong></span> <span class='ocrx_word' id='word_1_51' title='bbox 552 901 589 962; x_wconf 85' lang='lat' dir='ltr'><strong>id</strong></span> <span class='ocrx_word' id='word_1_52' title='bbox 607 905 731 965; x_wconf 84' lang='lat' dir='ltr'><strong>Duram</strong></span> <span class='ocrx_word' id='word_1_53' title='bbox 751 903 936 984; x_wconf 68' lang='lat' dir='ltr'><strong>cenredum]</strong></span> <span class='ocrx_word' id='word_1_54' title='bbox 965 905 1012 961; x_wconf 87' lang='lat' dir='ltr'><strong>De</strong></span> <span class='ocrx_word' id='word_1_55' title='bbox 1029 901 1122 965; x_wconf 78' lang='lat' dir='ltr'><strong>haine</strong></span> <span class='ocrx_word' id='word_1_56' title='bbox 1143 904 1190 963; x_wconf 85' lang='lat' dir='ltr'><strong>ci-</strong></span> 
     </span>
     <span class='ocr_line' id='line_1_8' title="bbox 82 988 1189 1071; baseline 0.002 -23"><span class='ocrx_word' id='word_1_57' title='bbox 82 990 186 1049; x_wconf 80' lang='lat' dir='ltr'><strong>vitatis</strong></span> <span class='ocrx_word' id='word_1_58' title='bbox 216 992 338 1049; x_wconf 89' lang='lat' dir='ltr'><strong>nomine</strong></span> <span class='ocrx_word' id='word_1_59' title='bbox 368 990 471 1050; x_wconf 77' lang='lat' dir='ltr'><strong>nescio</strong></span> <span class='ocrx_word' id='word_1_60' title='bbox 499 988 574 1071; x_wconf 89' lang='lat' dir='ltr'><strong>quid</strong></span> <span class='ocrx_word' id='word_1_61' title='bbox 601 991 758 1050; x_wconf 74' lang='lat' dir='ltr'><strong>somniarit</strong></span> <span class='ocrx_word' id='word_1_62' title='bbox 777 991 936 1049; x_wconf 81' lang='lat' dir='ltr'><strong>Aimoinue</strong></span> <span class='ocrx_word' id='word_1_63' title='bbox 956 989 1023 1051; x_wconf 80' lang='lat' dir='ltr'><strong>l.2</strong></span> <span class='ocrx_word' id='word_1_64' title='bbox 1052 988 1090 1047; x_wconf 88' lang='lat' dir='ltr'><strong>de</strong></span> <span class='ocrx_word' id='word_1_65' title='bbox 1112 1001 1189 1069; x_wconf 73' lang='lat' dir='ltr'><strong>gest.</strong></span> 
     </span>
     <span class='ocr_line' id='line_1_9' title="bbox 80 1075 1283 1156; baseline 0.001 -24"><span class='ocrx_word' id='word_1_66' title='bbox 80 1076 190 1133; x_wconf 80' lang='lat' dir='ltr'><strong>Frena.</strong></span> <span class='ocrx_word' id='word_1_67' title='bbox 211 1095 284 1133; x_wconf 86' lang='lat' dir='ltr'><strong>nam</strong></span> <span class='ocrx_word' id='word_1_68' title='bbox 297 1079 465 1135; x_wconf 73' lang='lat' dir='ltr'><strong>Persarum</strong></span> <span class='ocrx_word' id='word_1_69' title='bbox 486 1078 552 1156; x_wconf 85' lang='lat' dir='ltr'><strong>regi</strong></span> <span class='ocrx_word' id='word_1_70' title='bbox 573 1086 682 1155; x_wconf 86' lang='lat' dir='ltr'><strong>captae</strong></span> <span class='ocrx_word' id='word_1_71' title='bbox 695 1076 908 1135; x_wconf 80' lang='lat' dir='ltr'><strong>Romanorum</strong></span> <span class='ocrx_word' id='word_1_72' title='bbox 924 1075 1013 1135; x_wconf 83' lang='lat' dir='ltr'><strong>arbee</strong></span> <span class='ocrx_word' id='word_1_73' title='bbox 1033 1076 1190 1135; x_wconf 71' lang='lat' dir='ltr'><strong>restituere</strong></span> <span class='ocrx_word' id='word_1_74' title='bbox 1204 1075 1230 1131; x_wconf 75' lang='lat' dir='ltr'><strong>t</strong></span> <span class='ocrx_word' id='word_1_75' title='bbox 1246 1077 1283 1133; x_wconf 77' lang='lat'><strong>62</strong></span> 
     </span>
     <span class='ocr_line' id='line_1_10' title="bbox 81 1158 1190 1243; baseline 0.002 -24"><span class='ocrx_word' id='word_1_76' title='bbox 81 1162 220 1241; x_wconf 80' lang='lat' dir='ltr'><strong>neganti,</strong></span> <span class='ocrx_word' id='word_1_77' title='bbox 236 1160 439 1237; x_wconf 71' lang='lat' dir='ltr'><strong>lastinianus,</strong></span> <span class='ocrx_word' id='word_1_78' title='bbox 460 1162 568 1243; x_wconf 90' lang='lat' dir='ltr'><strong>inquit,</strong></span> <span class='ocrx_word' id='word_1_79' title='bbox 590 1158 755 1243; x_wconf 78' lang='lat' dir='ltr'><strong>reapondit,</strong></span> <span class='ocrx_word' id='word_1_80' title='bbox 777 1164 895 1221; x_wconf 82' lang='lat' dir='ltr'><strong>Darae.</strong></span> <span class='ocrx_word' id='word_1_81' title='bbox 937 1163 1002 1220; x_wconf 90' lang='lat' dir='ltr'><strong>Pro</strong></span> <span class='ocrx_word' id='word_1_82' title='bbox 1019 1164 1111 1220; x_wconf 77' lang='lat' dir='ltr'><strong>cuiue</strong></span> <span class='ocrx_word' id='word_1_83' title='bbox 1131 1183 1190 1221; x_wconf 90' lang='lat' dir='ltr'><strong>no·</strong></span> 
     </span>
     <span class='ocr_line' id='line_1_11' title="bbox 80 1245 1189 1324; baseline 0 -17"><span class='ocrx_word' id='word_1_84' title='bbox 80 1250 179 1307; x_wconf 79' lang='lat' dir='ltr'><strong>vitate</strong></span> <span class='ocrx_word' id='word_1_85' title='bbox 199 1248 346 1305; x_wconf 84' lang='lat' dir='ltr'><strong>cermonie</strong></span> <span class='ocrx_word' id='word_1_86' title='bbox 366 1248 478 1306; x_wconf 84' lang='lat' dir='ltr'><strong>civitae</strong></span> <span class='ocrx_word' id='word_1_87' title='bbox 498 1266 530 1305; x_wconf 91' lang='lat' dir='ltr'><strong>ec</strong></span> <span class='ocrx_word' id='word_1_88' title='bbox 557 1245 619 1304; x_wconf 87' lang='lat' dir='ltr'><strong>loci</strong></span> <span class='ocrx_word' id='word_1_89' title='bbox 645 1248 815 1306; x_wconf 72' lang='lat' dir='ltr'><strong>constituta</strong></span> <span class='ocrx_word' id='word_1_90' title='bbox 834 1257 898 1324; x_wconf 84' lang='lat' dir='ltr'><strong>eet,</strong></span> <span class='ocrx_word' id='word_1_91' title='bbox 929 1250 980 1305; x_wconf 88' lang='lat' dir='ltr'><strong>cui</strong></span> <span class='ocrx_word' id='word_1_92' title='bbox 1000 1248 1111 1305; x_wconf 89' lang='lat' dir='ltr'><strong>Darae</strong></span> <span class='ocrx_word' id='word_1_93' title='bbox 1130 1269 1189 1307; x_wconf 92' lang='lat' dir='ltr'><strong>no-</strong></span> 
     </span>
     <span class='ocr_line' id='line_1_12' title="bbox 81 1316 1189 1437; baseline 0.005 -48"><span class='ocrx_word' id='word_1_94' title='bbox 81 1351 150 1389; x_wconf 90' lang='lat' dir='ltr'><strong>men</strong></span> <span class='ocrx_word' id='word_1_95' title='bbox 173 1341 225 1395; x_wconf 78' lang='lat' dir='ltr'><strong>eet.</strong></span> <span class='ocrx_word' id='word_1_96' title='bbox 265 1324 466 1408; x_wconf 81' lang='grc' dir='ltr'><strong><em>’Λναστόσιος</em></strong></span> <span class='ocrx_word' id='word_1_97' title='bbox 487 1328 506 1395; x_wconf 85' lang='grc' dir='ltr'><strong><em>ό</em></strong></span> <span class='ocrx_word' id='word_1_98' title='bbox 527 1328 667 1437; x_wconf 54' lang='lat' dir='ltr'><strong>patuerit</strong></span> <span class='ocrx_word' id='word_1_99' title='bbox 687 1331 809 1413; x_wconf 66' lang='grc' dir='ltr'><strong><em>ἐτἐίηιώ</em></strong></span> <span class='ocrx_word' id='word_1_100' title='bbox 829 1328 863 1396; x_wconf 89' lang='grc' dir='ltr'><strong>τό</strong></span> <span class='ocrx_word' id='word_1_101' title='bbox 880 1316 1114 1415; x_wconf 68' lang='grc' dir='ltr'><strong><em>Δαροίςηωρίον</em></strong></span> <span class='ocrx_word' id='word_1_102' title='bbox 1134 1336 1189 1414; x_wconf 78' lang='grc' dir='ltr'><strong><em>τῆς</em></strong></span> 
     </span>
     <span class='ocr_line' id='line_1_13' title="bbox 80 1412 1189 1500; baseline 0 -19"><span class='ocrx_word' id='word_1_103' title='bbox 80 1417 325 1499; x_wconf 75' lang='grc' dir='ltr'><strong><em>Μεσοποταμίας</em></strong></span> <span class='ocrx_word' id='word_1_104' title='bbox 346 1416 421 1499; x_wconf 74' lang='grc' dir='ltr'><strong><em>μέγα</em></strong></span> <span class='ocrx_word' id='word_1_105' title='bbox 441 1415 493 1481; x_wconf 84' lang='grc' dir='ltr'><strong>καί</strong></span> <span class='ocrx_word' id='word_1_106' title='bbox 521 1412 629 1499; x_wconf 67' lang='lat' dir='ltr'><strong>excede</strong></span> <span class='ocrx_word' id='word_1_107' title='bbox 650 1415 743 1499; x_wconf 70' lang='lat' dir='ltr'><strong>aiter</strong></span> <span class='ocrx_word' id='word_1_108' title='bbox 762 1422 824 1479; x_wconf 82' lang='grc' dir='ltr'><strong><em>τοόν</em></strong></span> <span class='ocrx_word' id='word_1_109' title='bbox 846 1416 942 1500; x_wconf 85' lang='grc' dir='ltr'><strong><em>όρίων</em></strong></span> <span class='ocrx_word' id='word_1_110' title='bbox 962 1418 1100 1499; x_wconf 80' lang='grc' dir='ltr'><strong><em>κείμενον</em></strong></span> <span class='ocrx_word' id='word_1_111' title='bbox 1119 1414 1189 1481; x_wconf 76' lang='grc' dir='ltr'><strong><em>Ῥοτ-</em></strong></span> 
     </span>
     <span class='ocr_line' id='line_1_14' title="bbox 80 1496 1188 1608; baseline 0.001 -45"><span class='ocrx_word' id='word_1_112' title='bbox 80 1503 184 1583; x_wconf 82' lang='grc' dir='ltr'><strong><em>μαίαν</em></strong></span> <span class='ocrx_word' id='word_1_113' title='bbox 202 1524 234 1565; x_wconf 83' lang='grc' dir='ltr'><strong>τε</strong></span> <span class='ocrx_word' id='word_1_114' title='bbox 261 1502 314 1565; x_wconf 80' lang='grc' dir='ltr'><strong>καί</strong></span> <span class='ocrx_word' id='word_1_115' title='bbox 334 1506 480 1586; x_wconf 78' lang='grc' dir='ltr'><strong><em>Περσοῖν,</em></strong></span> <span class='ocrx_word' id='word_1_116' title='bbox 505 1500 559 1564; x_wconf 78' lang='grc' dir='ltr'><strong>καί</strong></span> <span class='ocrx_word' id='word_1_117' title='bbox 579 1500 720 1583; x_wconf 77' lang='grc' dir='ltr'><strong><em>ἐποίησεν</em></strong></span> <span class='ocrx_word' id='word_1_118' title='bbox 746 1501 921 1583; x_wconf 83' lang='grc' dir='ltr'><strong><em>ίκκλησίας,</em></strong></span> <span class='ocrx_word' id='word_1_119' title='bbox 948 1502 1001 1565; x_wconf 85' lang='grc' dir='ltr'><strong>καί</strong></span> <span class='ocrx_word' id='word_1_120' title='bbox 1024 1496 1188 1608; x_wconf 70' lang='grc' dir='ltr'><strong><em>όποθηκας</em></strong></span> 
     </span>
     <span class='ocr_line' id='line_1_15' title="bbox 81 1580 1189 1671; baseline 0.002 -22"><span class='ocrx_word' id='word_1_121' title='bbox 81 1588 189 1663; x_wconf 83' lang='grc' dir='ltr'><strong><em>σίτου,</em></strong></span> <span class='ocrx_word' id='word_1_122' title='bbox 217 1586 271 1651; x_wconf 86' lang='grc' dir='ltr'><strong>καί</strong></span> <span class='ocrx_word' id='word_1_123' title='bbox 296 1586 452 1671; x_wconf 81' lang='grc' dir='ltr'><strong><em>κιστίρνας</em></strong></span> <span class='ocrx_word' id='word_1_124' title='bbox 477 1580 602 1653; x_wconf 71' lang='lat' dir='ltr'><strong>dicitur</strong></span> <span class='ocrx_word' id='word_1_125' title='bbox 634 1587 688 1652; x_wconf 85' lang='grc' dir='ltr'><strong>καί</strong></span> <span class='ocrx_word' id='word_1_126' title='bbox 719 1582 881 1670; x_wconf 82' lang='grc' dir='ltr'><strong><em>ίμβόλοος,</em></strong></span> <span class='ocrx_word' id='word_1_127' title='bbox 911 1581 1063 1669; x_wconf 82' lang='grc' dir='ltr'><strong><em>όνομόσας</em></strong></span> <span class='ocrx_word' id='word_1_128' title='bbox 1090 1585 1189 1669; x_wconf 70' lang='lat' dir='ltr'><strong>acreio</strong></span> 
     </span>
     <span class='ocr_line' id='line_1_16' title="bbox 76 1666 1189 1758; baseline -0.002 -23"><span class='ocrx_word' id='word_1_129' title='bbox 76 1666 376 1749; x_wconf 83' lang='grc' dir='ltr'><strong><em>Ἀναστασιοόνιολιν,</em></strong></span> <span class='ocrx_word' id='word_1_130' title='bbox 399 1671 453 1735; x_wconf 86' lang='grc' dir='ltr'><strong>καί</strong></span> <span class='ocrx_word' id='word_1_131' title='bbox 474 1672 585 1737; x_wconf 76' lang='grc' dir='ltr'><strong><em>ἔδωκεν</em></strong></span> <span class='ocrx_word' id='word_1_132' title='bbox 607 1668 686 1758; x_wconf 65' lang='grc' dir='ltr'><strong><em>αὕτη</em></strong></span> <span class='ocrx_word' id='word_1_133' title='bbox 705 1674 810 1738; x_wconf 90' lang='grc' dir='ltr'><strong><em>δίκαια</em></strong></span> <span class='ocrx_word' id='word_1_134' title='bbox 828 1670 954 1748; x_wconf 77' lang='grc' dir='ltr'><strong><em>πόλεως.</em></strong></span> <span class='ocrx_word' id='word_1_135' title='bbox 996 1677 1189 1733; x_wconf 76' lang='grc' dir='ltr'><strong><em>Λιτοοιαοίαο</em></strong></span> 
     </span>
     <span class='ocr_line' id='line_1_17' title="bbox 80 1758 1189 1841; baseline 0.004 -26"><span class='ocrx_word' id='word_1_136' title='bbox 80 1758 250 1837; x_wconf 84' lang='lat' dir='ltr'><strong>imperator</strong></span> <span class='ocrx_word' id='word_1_137' title='bbox 271 1760 382 1818; x_wconf 81' lang='lat' dir='ltr'><strong>Darae</strong></span> <span class='ocrx_word' id='word_1_138' title='bbox 401 1760 639 1839; x_wconf 74' lang='lat' dir='ltr'><strong>Mesopotamiae</strong></span> <span class='ocrx_word' id='word_1_139' title='bbox 662 1762 789 1841; x_wconf 81' lang='lat' dir='ltr'><strong>Pagum</strong></span> <span class='ocrx_word' id='word_1_140' title='bbox 813 1780 963 1841; x_wconf 77' lang='lat' dir='ltr'><strong>magnum</strong></span> <span class='ocrx_word' id='word_1_141' title='bbox 984 1770 1012 1819; x_wconf 86' lang='lat' dir='ltr'><strong>et</strong></span> <span class='ocrx_word' id='word_1_142' title='bbox 1033 1764 1189 1819; x_wconf 88' lang='lat' dir='ltr'><strong>munitum</strong></span> 
     </span>
     <span class='ocr_line' id='line_1_18' title="bbox 80 1840 1190 1924; baseline 0.004 -23"><span class='ocrx_word' id='word_1_143' title='bbox 80 1840 129 1901; x_wconf 86' lang='lat' dir='ltr'><strong>ad</strong></span> <span class='ocrx_word' id='word_1_144' title='bbox 144 1843 224 1921; x_wconf 78' lang='lat' dir='ltr'><strong>finer</strong></span> <span class='ocrx_word' id='word_1_145' title='bbox 240 1846 425 1924; x_wconf 83' lang='lat' dir='ltr'><strong>Perearum,</strong></span> <span class='ocrx_word' id='word_1_146' title='bbox 454 1854 482 1902; x_wconf 87' lang='lat' dir='ltr'><strong>et</strong></span> <span class='ocrx_word' id='word_1_147' title='bbox 502 1846 716 1905; x_wconf 82' lang='lat' dir='ltr'><strong>Romanorum</strong></span> <span class='ocrx_word' id='word_1_148' title='bbox 734 1847 830 1904; x_wconf 85' lang='lat' dir='ltr'><strong>eitum</strong></span> <span class='ocrx_word' id='word_1_149' title='bbox 849 1848 976 1904; x_wconf 70' lang='lat' dir='ltr'><strong>menta</strong></span> <span class='ocrx_word' id='word_1_150' title='bbox 997 1846 1110 1921; x_wconf 78' lang='lat' dir='ltr'><strong>cinxit,</strong></span> <span class='ocrx_word' id='word_1_151' title='bbox 1137 1868 1190 1905; x_wconf 90' lang='lat' dir='ltr'><strong>or-</strong></span> 
     </span>
     <span class='ocr_line' id='line_1_19' title="bbox 78 1929 1189 2011; baseline 0 -22"><span class='ocrx_word' id='word_1_152' title='bbox 78 1931 231 2009; x_wconf 76' lang='lat' dir='ltr'><strong>navitque</strong></span> <span class='ocrx_word' id='word_1_153' title='bbox 250 1930 392 2005; x_wconf 73' lang='lat' dir='ltr'><strong>ecclesiia,</strong></span> <span class='ocrx_word' id='word_1_154' title='bbox 409 1930 534 2009; x_wconf 71' lang='lat' dir='ltr'><strong>horreis,</strong></span> <span class='ocrx_word' id='word_1_155' title='bbox 556 1932 706 2010; x_wconf 83' lang='lat' dir='ltr'><strong>cieternie,</strong></span> <span class='ocrx_word' id='word_1_156' title='bbox 727 1952 766 1989; x_wconf 91' lang='lat' dir='ltr'><strong>ac</strong></span> <span class='ocrx_word' id='word_1_157' title='bbox 781 1931 1037 2011; x_wconf 76' lang='lat' dir='ltr'><strong>propugnaculis,</strong></span> <span class='ocrx_word' id='word_1_158' title='bbox 1057 1942 1086 1989; x_wconf 84' lang='lat' dir='ltr'><strong>et</strong></span> <span class='ocrx_word' id='word_1_159' title='bbox 1098 1929 1189 1989; x_wconf 83' lang='lat' dir='ltr'><strong>Ana-</strong></span> 
     </span>
     <span class='ocr_line' id='line_1_20' title="bbox 79 2012 1189 2095; baseline 0.001 -22"><span class='ocrx_word' id='word_1_160' title='bbox 79 2014 275 2095; x_wconf 80' lang='lat' dir='ltr'><strong>etaeicpolim</strong></span> <span class='ocrx_word' id='word_1_161' title='bbox 293 2027 445 2087; x_wconf 80' lang='lat' dir='ltr'><strong>vocatum,</strong></span> <span class='ocrx_word' id='word_1_162' title='bbox 465 2013 594 2075; x_wconf 81' lang='lat' dir='ltr'><strong>donavit</strong></span> <span class='ocrx_word' id='word_1_163' title='bbox 615 2019 682 2075; x_wconf 85' lang='lat' dir='ltr'><strong>iure</strong></span> <span class='ocrx_word' id='word_1_164' title='bbox 702 2018 849 2079; x_wconf 72' lang='lat' dir='ltr'><strong>civitatis.</strong></span> <span class='ocrx_word' id='word_1_165' title='bbox 891 2014 977 2074; x_wconf 87' lang='lat' dir='ltr'><strong>Idem</strong></span> <span class='ocrx_word' id='word_1_166' title='bbox 999 2012 1091 2074; x_wconf 86' lang='lat' dir='ltr'><strong>habet</strong></span> <span class='ocrx_word' id='word_1_167' title='bbox 1109 2018 1189 2075; x_wconf 84' lang='lat' dir='ltr'><strong>Pro-</strong></span> 
     </span>
     <span class='ocr_line' id='line_1_21' title="bbox 81 2099 1189 2181; baseline 0.002 -23"><span class='ocrx_word' id='word_1_168' title='bbox 81 2102 188 2179; x_wconf 82' lang='lat' dir='ltr'><strong>copint</strong></span> <span class='ocrx_word' id='word_1_169' title='bbox 208 2100 231 2158; x_wconf 92' lang='lat'><strong>1.</strong></span> <span class='ocrx_word' id='word_1_170' title='bbox 255 2104 271 2162; x_wconf 89' lang='lat'>1</span> <span class='ocrx_word' id='word_1_171' title='bbox 297 2100 369 2159; x_wconf 89' lang='lat' dir='ltr'><strong>bell.</strong></span> <span class='ocrx_word' id='word_1_172' title='bbox 391 2103 475 2160; x_wconf 84' lang='lat' dir='ltr'><strong>Pera.</strong></span> <span class='ocrx_word' id='word_1_173' title='bbox 498 2110 528 2159; x_wconf 89' lang='lat' dir='ltr'><strong>et</strong></span> <span class='ocrx_word' id='word_1_174' title='bbox 549 2103 694 2181; x_wconf 81' lang='lat' dir='ltr'><strong>Evagriua</strong></span> <span class='ocrx_word' id='word_1_175' title='bbox 715 2103 738 2159; x_wconf 84' lang='lat' dir='ltr'><strong>l.</strong></span> <span class='ocrx_word' id='word_1_176' title='bbox 760 2100 781 2163; x_wconf 82' lang='lat'><strong>3</strong></span> <span class='ocrx_word' id='word_1_177' title='bbox 802 2121 829 2160; x_wconf 88' lang='grc' dir='ltr'><strong>ο.</strong></span> <span class='ocrx_word' id='word_1_178' title='bbox 853 2104 894 2165; x_wconf 83' lang='grc'><strong>87</strong></span> <span class='ocrx_word' id='word_1_179' title='bbox 915 2099 1057 2181; x_wconf 76' lang='lat' dir='ltr'><strong>additque</strong></span> <span class='ocrx_word' id='word_1_180' title='bbox 1086 2100 1189 2161; x_wconf 88' lang='lat' dir='ltr'><strong>locum</strong></span> 
     </span>
     <span class='ocr_line' id='line_1_22' title="bbox 80 2183 1188 2266; baseline 0.001 -23"><span class='ocrx_word' id='word_1_181' title='bbox 80 2184 173 2243; x_wconf 87' lang='lat' dir='ltr'><strong>ilium</strong></span> <span class='ocrx_word' id='word_1_182' title='bbox 193 2186 303 2244; x_wconf 81' lang='lat' dir='ltr'><strong>Durae</strong></span> <span class='ocrx_word' id='word_1_183' title='bbox 330 2187 368 2245; x_wconf 92' lang='lat' dir='ltr'><strong>ob</strong></span> <span class='ocrx_word' id='word_1_184' title='bbox 395 2184 429 2244; x_wconf 92' lang='lat' dir='ltr'><strong>id</strong></span> <span class='ocrx_word' id='word_1_185' title='bbox 450 2186 652 2266; x_wconf 81' lang='lat' dir='ltr'><strong>appellatum,</strong></span> <span class='ocrx_word' id='word_1_186' title='bbox 683 2183 765 2266; x_wconf 90' lang='lat' dir='ltr'><strong>quod</strong></span> <span class='ocrx_word' id='word_1_187' title='bbox 785 2187 894 2245; x_wconf 78' lang='lat' dir='ltr'><strong>Darius</strong></span> <span class='ocrx_word' id='word_1_188' title='bbox 915 2184 1030 2244; x_wconf 86' lang='lat' dir='ltr'><strong>ibidem</strong></span> <span class='ocrx_word' id='word_1_189' title='bbox 1054 2185 1091 2244; x_wconf 92' lang='lat' dir='ltr'><strong>ab</strong></span> <span class='ocrx_word' id='word_1_190' title='bbox 1111 2187 1188 2245; x_wconf 86' lang='lat' dir='ltr'><strong>Ale-</strong></span> 
     </span>
     <span class='ocr_line' id='line_1_23' title="bbox 79 2268 1187 2352; baseline 0.001 -23"><span class='ocrx_word' id='word_1_191' title='bbox 79 2268 201 2330; x_wconf 86' lang='lat' dir='ltr'><strong>xandro</strong></span> <span class='ocrx_word' id='word_1_192' title='bbox 224 2289 293 2349; x_wconf 84' lang='lat' dir='ltr'><strong>rege</strong></span> <span class='ocrx_word' id='word_1_193' title='bbox 314 2268 516 2330; x_wconf 79' lang='lat' dir='ltr'><strong>Macedonum</strong></span> <span class='ocrx_word' id='word_1_194' title='bbox 534 2273 655 2352; x_wconf 75' lang='lat' dir='ltr'><strong>penitus</strong></span> <span class='ocrx_word' id='word_1_195' title='bbox 679 2268 814 2331; x_wconf 78' lang='lat' dir='ltr'><strong>devietur</strong></span> <span class='ocrx_word' id='word_1_196' title='bbox 834 2273 935 2330; x_wconf 87' lang='lat' dir='ltr'><strong>fuerit.</strong></span> <span class='ocrx_word' id='word_1_197' title='bbox 978 2268 1091 2330; x_wconf 82' lang='lat' dir='ltr'><strong>Chrcn.</strong></span> <span class='ocrx_word' id='word_1_198' title='bbox 1111 2272 1187 2330; x_wconf 86' lang='lat' dir='ltr'><strong>Ale-</strong></span> 
     </span>
     <span class='ocr_line' id='line_1_24' title="bbox 81 2354 1188 2440; baseline -0.001 -25"><span class='ocrx_word' id='word_1_199' title='bbox 81 2354 194 2415; x_wconf 85' lang='lat' dir='ltr'><strong>xandr.</strong></span> <span class='ocrx_word' id='word_1_200' title='bbox 214 2356 323 2433; x_wconf 86' lang='lat' dir='ltr'><strong>Dorae,</strong></span> <span class='ocrx_word' id='word_1_201' title='bbox 353 2358 425 2439; x_wconf 83' lang='lat' dir='ltr'><strong>quie</strong></span> <span class='ocrx_word' id='word_1_202' title='bbox 446 2355 567 2440; x_wconf 92' lang='grc' dir='ltr'><strong><em>δόρατι,</em></strong></span> <span class='ocrx_word' id='word_1_203' title='bbox 594 2356 689 2416; x_wconf 78' lang='lat' dir='ltr'><strong>hacta</strong></span> <span class='ocrx_word' id='word_1_204' title='bbox 713 2358 824 2417; x_wconf 74' lang='lat' dir='ltr'><strong>Darius</strong></span> <span class='ocrx_word' id='word_1_205' title='bbox 844 2357 882 2415; x_wconf 87' lang='lat' dir='ltr'><strong>ab</strong></span> <span class='ocrx_word' id='word_1_206' title='bbox 905 2354 1081 2419; x_wconf 83' lang='lat' dir='ltr'><strong>Alexandro</strong></span> <span class='ocrx_word' id='word_1_207' title='bbox 1112 2375 1188 2417; x_wconf 90' lang='lat' dir='ltr'><strong>con-</strong></span> 
     </span>
     <span class='ocr_line' id='line_1_25' title="bbox 79 2440 1254 2503; baseline 0.003 -4"><span class='ocrx_word' id='word_1_208' title='bbox 79 2440 182 2501; x_wconf 78' lang='lat' dir='ltr'><strong>fossus</strong></span> <span class='ocrx_word' id='word_1_209' title='bbox 202 2442 358 2501; x_wconf 77' lang='lat' dir='ltr'><strong>interierit.</strong></span> <span class='ocrx_word' id='word_1_210' title='bbox 1247 2496 1254 2503; x_wconf 92' lang='lat'>.</span> 
     </span>
    </p>

    <p class='ocr_par' dir='ltr' id='par_1_4' title="bbox 77 2522 1191 3375">
     <span class='ocr_line' id='line_1_26' title="bbox 167 2522 1191 2605; baseline 0.002 -22"><span class='ocrx_word' id='word_1_211' title='bbox 167 2527 204 2584; x_wconf 84' lang='grc' dir='ltr'><strong>Ρ.</strong></span> <span class='ocrx_word' id='word_1_212' title='bbox 224 2530 276 2603; x_wconf 87' lang='grc'><strong>78,</strong></span> <span class='ocrx_word' id='word_1_213' title='bbox 300 2528 348 2592; x_wconf 86' lang='grc'><strong>16.</strong></span> <span class='ocrx_word' id='word_1_214' title='bbox 392 2524 452 2587; x_wconf 79' lang='lat' dir='ltr'><strong>Sed</strong></span> <span class='ocrx_word' id='word_1_215' title='bbox 465 2524 561 2604; x_wconf 85' lang='lat' dir='ltr'><strong>plane</strong></span> <span class='ocrx_word' id='word_1_216' title='bbox 581 2522 711 2605; x_wconf 53' lang='lat' dir='ltr'><strong>difficile</strong></span> <span class='ocrx_word' id='word_1_217' title='bbox 730 2536 902 2585; x_wconf 87' lang='lat' dir='ltr'><strong>memoratu</strong></span> <span class='ocrx_word' id='word_1_218' title='bbox 921 2536 975 2603; x_wconf 80' lang='lat' dir='ltr'><strong>eet,</strong></span> <span class='ocrx_word' id='word_1_219' title='bbox 996 2535 1071 2605; x_wconf 86' lang='lat' dir='ltr'><strong>quot</strong></span> <span class='ocrx_word' id='word_1_220' title='bbox 1090 2525 1191 2585; x_wconf 77' lang='lat' dir='ltr'><strong>homi-</strong></span> 
     </span>
     <span class='ocr_line' id='line_1_27' title="bbox 80 2608 1190 2690; baseline 0.003 -20"><span class='ocrx_word' id='word_1_221' title='bbox 80 2631 157 2670; x_wconf 88' lang='lat' dir='ltr'><strong>num</strong></span> <span class='ocrx_word' id='word_1_222' title='bbox 177 2631 241 2669; x_wconf 82' lang='lat' dir='ltr'><strong>aeae</strong></span> <span class='ocrx_word' id='word_1_223' title='bbox 261 2612 416 2670; x_wconf 74' lang='lat' dir='ltr'><strong>ultroneos</strong></span> <span class='ocrx_word' id='word_1_224' title='bbox 436 2608 577 2669; x_wconf 68' lang='lat' dir='ltr'><strong>haeredes</strong></span> <span class='ocrx_word' id='word_1_225' title='bbox 599 2610 803 2690; x_wconf 71' lang='lat' dir='ltr'><strong>instituerint]</strong></span> <span class='ocrx_word' id='word_1_226' title='bbox 832 2613 934 2669; x_wconf 87' lang='lat' dir='ltr'><strong>Etiam</strong></span> <span class='ocrx_word' id='word_1_227' title='bbox 953 2612 1100 2690; x_wconf 72' lang='lat' dir='ltr'><strong>Euagrius</strong></span> <span class='ocrx_word' id='word_1_228' title='bbox 1122 2612 1145 2669; x_wconf 94' lang='lat' dir='ltr'><strong>l.</strong></span> <span class='ocrx_word' id='word_1_229' title='bbox 1167 2608 1190 2674; x_wconf 80' lang='grc'><strong>4</strong></span> 
     </span>
     <span class='ocr_line' id='line_1_28' title="bbox 81 2693 1190 2778; baseline 0.001 -23"><span class='ocrx_word' id='word_1_230' title='bbox 81 2697 211 2775; x_wconf 87' lang='lat' dir='ltr'><strong>carptim</strong></span> <span class='ocrx_word' id='word_1_231' title='bbox 231 2695 421 2778; x_wconf 84' lang='lat' dir='ltr'><strong>breviterque</strong></span> <span class='ocrx_word' id='word_1_232' title='bbox 448 2706 513 2763; x_wconf 84' lang='lat' dir='ltr'><strong>tam</strong></span> <span class='ocrx_word' id='word_1_233' title='bbox 540 2696 665 2755; x_wconf 89' lang='lat' dir='ltr'><strong>uberem</strong></span> <span class='ocrx_word' id='word_1_234' title='bbox 685 2693 828 2757; x_wconf 76' lang='lat' dir='ltr'><strong>historiae</strong></span> <span class='ocrx_word' id='word_1_235' title='bbox 851 2706 970 2775; x_wconf 88' lang='lat' dir='ltr'><strong>partem</strong></span> <span class='ocrx_word' id='word_1_236' title='bbox 989 2699 1190 2775; x_wconf 75' lang='lat' dir='ltr'><strong>perstringere</strong></span> 
     </span>
     <span class='ocr_line' id='line_1_29' title="bbox 80 2779 1189 2861; baseline -0.001 -20"><span class='ocrx_word' id='word_1_237' title='bbox 80 2782 203 2841; x_wconf 81' lang='lat' dir='ltr'><strong>maluit.</strong></span> <span class='ocrx_word' id='word_1_238' title='bbox 256 2779 318 2841; x_wconf 80' lang='lat' dir='ltr'><strong>Sed</strong></span> <span class='ocrx_word' id='word_1_239' title='bbox 345 2780 411 2845; x_wconf 84' lang='lat' dir='ltr'><strong>l.5</strong></span> <span class='ocrx_word' id='word_1_240' title='bbox 439 2787 505 2847; x_wconf 76' lang='grc' dir='ltr'><strong><em>αδ</em></strong></span> <span class='ocrx_word' id='word_1_241' title='bbox 535 2781 630 2840; x_wconf 88' lang='lat' dir='ltr'><strong>libere</strong></span> <span class='ocrx_word' id='word_1_242' title='bbox 657 2780 789 2860; x_wconf 91' lang='lat' dir='ltr'><strong>prodidit</strong></span> <span class='ocrx_word' id='word_1_243' title='bbox 815 2780 993 2840; x_wconf 80' lang='lat' dir='ltr'><strong>Aetherium</strong></span> <span class='ocrx_word' id='word_1_244' title='bbox 1017 2785 1189 2861; x_wconf 82' lang='lat' dir='ltr'><strong>patricium,</strong></span> 
     </span>
     <span class='ocr_line' id='line_1_30' title="bbox 82 2866 1190 2949; baseline 0.005 -24"><span class='ocrx_word' id='word_1_245' title='bbox 82 2868 137 2949; x_wconf 88' lang='lat' dir='ltr'><strong>qui</strong></span> <span class='ocrx_word' id='word_1_246' title='bbox 156 2868 322 2925; x_wconf 78' lang='lat' dir='ltr'><strong>Iustiniana</strong></span> <span class='ocrx_word' id='word_1_247' title='bbox 346 2876 391 2925; x_wconf 89' lang='lat' dir='ltr'><strong>tot</strong></span> <span class='ocrx_word' id='word_1_248' title='bbox 417 2866 565 2926; x_wconf 82' lang='lat' dir='ltr'><strong>scelerum</strong></span> <span class='ocrx_word' id='word_1_249' title='bbox 592 2886 627 2926; x_wconf 86' lang='lat' dir='ltr'><strong>ec</strong></span> <span class='ocrx_word' id='word_1_250' title='bbox 653 2866 803 2927; x_wconf 87' lang='lat' dir='ltr'><strong>furtorum</strong></span> <span class='ocrx_word' id='word_1_251' title='bbox 822 2869 960 2927; x_wconf 70' lang='lat' dir='ltr'><strong>minister</strong></span> <span class='ocrx_word' id='word_1_252' title='bbox 981 2867 1050 2926; x_wconf 83' lang='lat' dir='ltr'><strong>fuit.</strong></span> <span class='ocrx_word' id='word_1_253' title='bbox 1092 2867 1190 2931; x_wconf 76' lang='lat' dir='ltr'><strong>Atet-</strong></span> 
     </span>
     <span class='ocr_line' id='line_1_31' title="bbox 81 2946 1189 3033; baseline 0.002 -20"><span class='ocrx_word' id='word_1_254' title='bbox 81 2974 148 3033; x_wconf 84' lang='grc' dir='ltr'><strong><em>ριος</em></strong></span> <span class='ocrx_word' id='word_1_255' title='bbox 169 2947 220 3014; x_wconf 83' lang='grc' dir='ltr'><strong><em>διαί</em></strong></span> <span class='ocrx_word' id='word_1_256' title='bbox 240 2947 341 3032; x_wconf 82' lang='grc' dir='ltr'><strong><em>πόσης</em></strong></span> <span class='ocrx_word' id='word_1_257' title='bbox 360 2946 415 3014; x_wconf 73' lang='lat' dir='ltr'><strong>iaie</strong></span> <span class='ocrx_word' id='word_1_258' title='bbox 436 2953 641 3030; x_wconf 79' lang='grc' dir='ltr'><strong><em>συκοφαντίας</em></strong></span> <span class='ocrx_word' id='word_1_259' title='bbox 661 2948 715 3026; x_wconf 82' lang='grc' dir='ltr'><strong><em>τός</em></strong></span> <span class='ocrx_word' id='word_1_260' title='bbox 734 2976 767 3016; x_wconf 82' lang='grc' dir='ltr'><strong>τι</strong></span> <span class='ocrx_word' id='word_1_261' title='bbox 779 2956 841 3014; x_wconf 75' lang='grc' dir='ltr'><strong><em>τοῖν</em></strong></span> <span class='ocrx_word' id='word_1_262' title='bbox 864 2946 996 3027; x_wconf 64' lang='lat' dir='ltr'><strong>tarrae,</strong></span> <span class='ocrx_word' id='word_1_263' title='bbox 1016 2949 1069 3013; x_wconf 86' lang='grc' dir='ltr'><strong>καί</strong></span> <span class='ocrx_word' id='word_1_264' title='bbox 1087 2958 1189 3015; x_wconf 71' lang='lat' dir='ltr'><strong>retru-</strong></span> 
     </span>
     <span class='ocr_line' id='line_1_32' title="bbox 80 3028 1188 3119; baseline 0.003 -21"><span class='ocrx_word' id='word_1_265' title='bbox 80 3032 203 3100; x_wconf 86' lang='grc' dir='ltr'><strong><em>τοόνταν</em></strong></span> <span class='ocrx_word' id='word_1_266' title='bbox 227 3031 333 3110; x_wconf 85' lang='grc' dir='ltr'><strong><em>οόσίας</em></strong></span> <span class='ocrx_word' id='word_1_267' title='bbox 353 3033 525 3117; x_wconf 72' lang='grc' dir='ltr'><strong><em>ληϊζόμενος</em></strong></span> <span class='ocrx_word' id='word_1_268' title='bbox 545 3031 667 3117; x_wconf 85' lang='grc' dir='ltr'><strong><em>όνόματτ</em></strong></span> <span class='ocrx_word' id='word_1_269' title='bbox 686 3042 742 3117; x_wconf 82' lang='grc' dir='ltr'><strong><em>τῆς</em></strong></span> <span class='ocrx_word' id='word_1_270' title='bbox 761 3039 920 3119; x_wconf 79' lang='grc' dir='ltr'><strong><em>βασιλικῆς</em></strong></span> <span class='ocrx_word' id='word_1_271' title='bbox 940 3036 1053 3113; x_wconf 77' lang='grc' dir='ltr'><strong><em>οἰκίας,</em></strong></span> <span class='ocrx_word' id='word_1_272' title='bbox 1074 3028 1114 3117; x_wconf 73' lang='grc' dir='ltr'><strong>τίς</strong></span> <span class='ocrx_word' id='word_1_273' title='bbox 1135 3037 1188 3101; x_wconf 70' lang='lat' dir='ltr'><strong>tat</strong></span> 
     </span>
     <span class='ocr_line' id='line_1_33' title="bbox 79 3116 1188 3204; baseline -0.002 -20"><span class='ocrx_word' id='word_1_274' title='bbox 79 3116 298 3186; x_wconf 67' lang='lat' dir='ltr'><strong>torcennaco</strong></span> <span class='ocrx_word' id='word_1_275' title='bbox 316 3116 515 3204; x_wconf 66' lang='lat' dir='ltr'><strong>cunctamina.</strong></span> <span class='ocrx_word' id='word_1_276' title='bbox 557 3122 723 3182; x_wconf 68' lang='lat' dir='ltr'><strong>Aetherius</strong></span> <span class='ocrx_word' id='word_1_277' title='bbox 744 3124 866 3182; x_wconf 83' lang='lat' dir='ltr'><strong>nullum</strong></span> <span class='ocrx_word' id='word_1_278' title='bbox 891 3123 1064 3181; x_wconf 73' lang='lat' dir='ltr'><strong>calumniae</strong></span> <span class='ocrx_word' id='word_1_279' title='bbox 1086 3142 1188 3202; x_wconf 79' lang='lat' dir='ltr'><strong>genae</strong></span> 
     </span>
     <span class='ocr_line' id='line_1_34' title="bbox 77 3208 1187 3287; baseline 0.002 -21"><span class='ocrx_word' id='word_1_280' title='bbox 77 3210 282 3287; x_wconf 76' lang='lat' dir='ltr'><strong>praeterient,</strong></span> <span class='ocrx_word' id='word_1_281' title='bbox 307 3218 372 3266; x_wconf 87' lang='lat' dir='ltr'><strong>turn</strong></span> <span class='ocrx_word' id='word_1_282' title='bbox 392 3210 497 3285; x_wconf 79' lang='lat' dir='ltr'><strong>vivae,</strong></span> <span class='ocrx_word' id='word_1_283' title='bbox 518 3218 586 3267; x_wconf 90' lang='lat' dir='ltr'><strong>tum</strong></span> <span class='ocrx_word' id='word_1_284' title='bbox 606 3220 745 3267; x_wconf 81' lang='lat' dir='ltr'><strong>mortuae</strong></span> <span class='ocrx_word' id='word_1_285' title='bbox 766 3210 884 3268; x_wconf 82' lang='lat' dir='ltr'><strong>nomine</strong></span> <span class='ocrx_word' id='word_1_286' title='bbox 908 3208 1003 3266; x_wconf 82' lang='lat' dir='ltr'><strong>aulae</strong></span> <span class='ocrx_word' id='word_1_287' title='bbox 1022 3210 1187 3287; x_wconf 80' lang='lat' dir='ltr'><strong>imperato-</strong></span> 
     </span>
     <span class='ocr_line' id='line_1_35' title="bbox 80 3294 1142 3375; baseline 0.002 -23"><span class='ocrx_word' id='word_1_288' title='bbox 80 3295 163 3373; x_wconf 84' lang='lat' dir='ltr'><strong>riae,</strong></span> <span class='ocrx_word' id='word_1_289' title='bbox 186 3296 253 3371; x_wconf 86' lang='lat' dir='ltr'><strong>cui,</strong></span> <span class='ocrx_word' id='word_1_290' title='bbox 278 3302 424 3372; x_wconf 76' lang='lat' dir='ltr'><strong>regnante</strong></span> <span class='ocrx_word' id='word_1_291' title='bbox 442 3294 636 3371; x_wconf 86' lang='lat' dir='ltr'><strong>Iuetiniano,</strong></span> <span class='ocrx_word' id='word_1_292' title='bbox 652 3295 812 3375; x_wconf 81' lang='lat' dir='ltr'><strong>praefuit,</strong></span> <span class='ocrx_word' id='word_1_293' title='bbox 824 3296 967 3371; x_wconf 87' lang='lat' dir='ltr'><strong>fortunie</strong></span> <span class='ocrx_word' id='word_1_294' title='bbox 987 3294 1142 3372; x_wconf 77' lang='lat' dir='ltr'><strong>epoliavit.</strong></span> 
     </span>
    </p>

    <p class='ocr_par' dir='ltr' id='par_1_5' title="bbox 78 3378 1190 4141">
     <span class='ocr_line' id='line_1_36' title="bbox 167 3378 1187 3459; baseline 0.003 -24"><span class='ocrx_word' id='word_1_295' title='bbox 167 3380 203 3437; x_wconf 88' lang='lat' dir='ltr'><strong>P.</strong></span> <span class='ocrx_word' id='word_1_296' title='bbox 220 3380 280 3453; x_wconf 86' lang='lat'><strong>79,</strong></span> <span class='ocrx_word' id='word_1_297' title='bbox 303 3380 335 3441; x_wconf 90' lang='lat'><strong>1.</strong></span> <span class='ocrx_word' id='word_1_298' title='bbox 375 3378 555 3459; x_wconf 84' lang='lat' dir='ltr'><strong>Antequam</strong></span> <span class='ocrx_word' id='word_1_299' title='bbox 574 3378 684 3438; x_wconf 74' lang='lat' dir='ltr'><strong>reditio</strong></span> <span class='ocrx_word' id='word_1_300' title='bbox 706 3382 842 3438; x_wconf 83' lang='lat' dir='ltr'><strong>exiateret</strong></span> <span class='ocrx_word' id='word_1_301' title='bbox 868 3381 1120 3459; x_wconf 78' lang='lat' dir='ltr'><strong>victoriatorum]</strong></span> <span class='ocrx_word' id='word_1_302' title='bbox 1149 3381 1187 3438; x_wconf 88' lang='lat' dir='ltr'><strong>In</strong></span> 
     </span>
     <span class='ocr_line' id='line_1_37' title="bbox 81 3459 1188 3543; baseline 0.005 -21"><span class='ocrx_word' id='word_1_303' title='bbox 81 3464 198 3522; x_wconf 78' lang='lat' dir='ltr'><strong>Graeco</strong></span> <span class='ocrx_word' id='word_1_304' title='bbox 219 3473 273 3540; x_wconf 80' lang='lat' dir='ltr'><strong>ert,</strong></span> <span class='ocrx_word' id='word_1_305' title='bbox 294 3460 319 3543; x_wconf 76' lang='grc' dir='ltr'><strong><em>η</em></strong></span> <span class='ocrx_word' id='word_1_306' title='bbox 338 3468 394 3527; x_wconf 79' lang='grc' dir='ltr'><strong>τοῦ</strong></span> <span class='ocrx_word' id='word_1_307' title='bbox 413 3468 522 3527; x_wconf 78' lang='grc' dir='ltr'><em>ΝΙΚΑ</em></span> <span class='ocrx_word' id='word_1_308' title='bbox 543 3459 656 3541; x_wconf 77' lang='grc' dir='ltr'><strong><em>στάσις,</em></strong></span> <span class='ocrx_word' id='word_1_309' title='bbox 677 3464 787 3524; x_wconf 83' lang='lat' dir='ltr'><strong>reditio</strong></span> <span class='ocrx_word' id='word_1_310' title='bbox 810 3464 953 3524; x_wconf 84' lang='lat' dir='ltr'><em>VINCE.</em></span> <span class='ocrx_word' id='word_1_311' title='bbox 995 3466 1106 3542; x_wconf 82' lang='lat' dir='ltr'><strong>Evagr.</strong></span> <span class='ocrx_word' id='word_1_312' title='bbox 1127 3462 1188 3528; x_wconf 77' lang='lat' dir='ltr'><strong>tt</strong></span> 
     </span>
     <span class='ocr_line' id='line_1_38' title="bbox 81 3538 1189 3655; baseline 0.002 -47"><span class='ocrx_word' id='word_1_313' title='bbox 81 3569 110 3607; x_wconf 91' lang='lat' dir='ltr'><strong>c.</strong></span> <span class='ocrx_word' id='word_1_314' title='bbox 133 3548 185 3612; x_wconf 86' lang='lat'><strong>13.</strong></span> <span class='ocrx_word' id='word_1_315' title='bbox 205 3538 230 3635; x_wconf 64' lang='lat' dir='ltr'><strong>d</strong></span> <span class='ocrx_word' id='word_1_316' title='bbox 250 3550 455 3633; x_wconf 73' lang='grc' dir='ltr'><strong><em>προσηγορίαν</em></strong></span> <span class='ocrx_word' id='word_1_317' title='bbox 473 3546 507 3613; x_wconf 87' lang='grc' dir='ltr'><strong>τό</strong></span> <span class='ocrx_word' id='word_1_318' title='bbox 528 3543 673 3629; x_wconf 75' lang='grc' dir='ltr'><strong><em>σύνθημα</em></strong></span> <span class='ocrx_word' id='word_1_319' title='bbox 691 3554 755 3613; x_wconf 76' lang='grc' dir='ltr'><strong><em>τοῖν</em></strong></span> <span class='ocrx_word' id='word_1_320' title='bbox 775 3545 880 3655; x_wconf 64' lang='lat' dir='ltr'><strong>dripere</strong></span> <span class='ocrx_word' id='word_1_321' title='bbox 894 3548 1014 3611; x_wconf 78' lang='grc' dir='ltr'><strong><em>δέδωκα.</em></strong></span> <span class='ocrx_word' id='word_1_322' title='bbox 1055 3545 1089 3613; x_wconf 83' lang='grc' dir='ltr'><strong>τὸ</strong></span> <span class='ocrx_word' id='word_1_323' title='bbox 1104 3550 1189 3611; x_wconf 86' lang='grc' dir='ltr'><strong><em>Νίκα</em></strong></span> 
     </span>
     <span class='ocr_line' id='line_1_39' title="bbox 80 3629 1189 3717; baseline 0.001 -21"><span class='ocrx_word' id='word_1_324' title='bbox 80 3629 140 3716; x_wconf 71' lang='lat' dir='ltr'><strong>yria</strong></span> <span class='ocrx_word' id='word_1_325' title='bbox 162 3632 320 3714; x_wconf 73' lang='grc' dir='ltr'><strong><em>ἐπίκλησιν</em></strong></span> <span class='ocrx_word' id='word_1_326' title='bbox 341 3638 464 3699; x_wconf 77' lang='grc' dir='ltr'><strong><em>ποιοῦσι</em></strong></span> <span class='ocrx_word' id='word_1_327' title='bbox 484 3638 574 3698; x_wconf 80' lang='grc' dir='ltr'><strong><em>τοῦτο</em></strong></span> <span class='ocrx_word' id='word_1_328' title='bbox 596 3638 656 3697; x_wconf 71' lang='grc' dir='ltr'><strong><em>τοῖν</em></strong></span> <span class='ocrx_word' id='word_1_329' title='bbox 676 3630 785 3717; x_wconf 82' lang='grc' dir='ltr'><strong><em>δήμων</em></strong></span> <span class='ocrx_word' id='word_1_330' title='bbox 805 3629 946 3715; x_wconf 77' lang='grc' dir='ltr'><strong><em>αλλήλοις</em></strong></span> <span class='ocrx_word' id='word_1_331' title='bbox 966 3632 1189 3711; x_wconf 70' lang='grc' dir='ltr'><strong><em>σνναφδίνιοτ</em></strong></span> 
     </span>
     <span class='ocr_line' id='line_1_40' title="bbox 82 3714 1189 3803; baseline -0.003 -21"><span class='ocrx_word' id='word_1_332' title='bbox 82 3714 232 3799; x_wconf 70' lang='grc' dir='ltr'><strong><em>σύνθημα</em></strong></span> <span class='ocrx_word' id='word_1_333' title='bbox 256 3714 361 3795; x_wconf 79' lang='grc' dir='ltr'><strong><em>δόντες</em></strong></span> <span class='ocrx_word' id='word_1_334' title='bbox 383 3723 439 3801; x_wconf 80' lang='grc' dir='ltr'><strong><em>τῆς</em></strong></span> <span class='ocrx_word' id='word_1_335' title='bbox 469 3718 501 3795; x_wconf 84' lang='grc' dir='ltr'><strong>ίς</strong></span> <span class='ocrx_word' id='word_1_336' title='bbox 524 3716 673 3800; x_wconf 76' lang='grc' dir='ltr'><strong><em>ἀλλήλους</em></strong></span> <span class='ocrx_word' id='word_1_337' title='bbox 700 3720 847 3803; x_wconf 73' lang='grc' dir='ltr'><strong><em>γνοόσιας.</em></strong></span> <span class='ocrx_word' id='word_1_338' title='bbox 900 3721 988 3797; x_wconf 79' lang='lat' dir='ltr'><strong>Quae</strong></span> <span class='ocrx_word' id='word_1_339' title='bbox 1016 3740 1124 3778; x_wconf 86' lang='lat' dir='ltr'><strong>nornen</strong></span> <span class='ocrx_word' id='word_1_340' title='bbox 1154 3739 1189 3779; x_wconf 80' lang='lat' dir='ltr'><strong>ert</strong></span> 
     </span>
     <span class='ocr_line' id='line_1_41' title="bbox 82 3804 1190 3885; baseline 0.001 -22"><span class='ocrx_word' id='word_1_341' title='bbox 82 3814 197 3863; x_wconf 68' lang='lat' dir='ltr'><strong>testera</strong></span> <span class='ocrx_word' id='word_1_342' title='bbox 213 3806 326 3885; x_wconf 81' lang='lat' dir='ltr'><strong>populi</strong></span> <span class='ocrx_word' id='word_1_343' title='bbox 346 3808 481 3885; x_wconf 76' lang='lat' dir='ltr'><strong>accepit:</strong></span> <span class='ocrx_word' id='word_1_344' title='bbox 503 3808 611 3885; x_wconf 72' lang='lat' dir='ltr'><strong>quippe</strong></span> <span class='ocrx_word' id='word_1_345' title='bbox 633 3806 731 3879; x_wconf 76' lang='lat' dir='ltr'><strong>Nica,</strong></span> <span class='ocrx_word' id='word_1_346' title='bbox 752 3804 790 3865; x_wconf 73' lang='lat' dir='ltr'><strong>id</strong></span> <span class='ocrx_word' id='word_1_347' title='bbox 808 3815 872 3880; x_wconf 82' lang='lat' dir='ltr'><strong>eet,</strong></span> <span class='ocrx_word' id='word_1_348' title='bbox 896 3804 1009 3881; x_wconf 87' lang='lat' dir='ltr'><strong>Vince,</strong></span> <span class='ocrx_word' id='word_1_349' title='bbox 1023 3807 1095 3884; x_wconf 82' lang='lat' dir='ltr'><strong>suit</strong></span> <span class='ocrx_word' id='word_1_350' title='bbox 1109 3826 1190 3884; x_wconf 88' lang='lat' dir='ltr'><strong>prc-</strong></span> 
     </span>
     <span class='ocr_line' id='line_1_42' title="bbox 78 3887 1190 3971; baseline 0.001 -23"><span class='ocrx_word' id='word_1_351' title='bbox 78 3901 186 3969; x_wconf 84' lang='lat' dir='ltr'><strong>pterea</strong></span> <span class='ocrx_word' id='word_1_352' title='bbox 206 3890 374 3969; x_wconf 82' lang='lat' dir='ltr'><strong>appellata,</strong></span> <span class='ocrx_word' id='word_1_353' title='bbox 401 3887 488 3971; x_wconf 81' lang='lat' dir='ltr'><strong>quod</strong></span> <span class='ocrx_word' id='word_1_354' title='bbox 500 3890 640 3971; x_wconf 78' lang='lat' dir='ltr'><strong>populere</strong></span> <span class='ocrx_word' id='word_1_355' title='bbox 653 3894 741 3951; x_wconf 70' lang='lat' dir='ltr'><strong>inter·</strong></span> <span class='ocrx_word' id='word_1_356' title='bbox 760 3912 793 3950; x_wconf 78' lang='lat' dir='ltr'><strong>ee</strong></span> <span class='ocrx_word' id='word_1_357' title='bbox 813 3910 1004 3970; x_wconf 72' lang='lat' dir='ltr'><strong>congreeauc,</strong></span> <span class='ocrx_word' id='word_1_358' title='bbox 1023 3890 1107 3949; x_wconf 82' lang='grc' dir='ltr'><strong><em>ίιαιιο</em></strong></span> <span class='ocrx_word' id='word_1_359' title='bbox 1127 3902 1190 3949; x_wconf 86' lang='lat' dir='ltr'><strong>tee-</strong></span> 
     </span>
     <span class='ocr_line' id='line_1_43' title="bbox 81 3976 1190 4056; baseline 0.001 -21"><span class='ocrx_word' id='word_1_360' title='bbox 81 3996 185 4035; x_wconf 85' lang='lat' dir='ltr'><strong>eeram</strong></span> <span class='ocrx_word' id='word_1_361' title='bbox 207 3976 290 4035; x_wconf 79' lang='lat' dir='ltr'><strong>Mea</strong></span> <span class='ocrx_word' id='word_1_362' title='bbox 310 3976 371 4035; x_wconf 80' lang='lat' dir='ltr'><strong>eibi</strong></span> <span class='ocrx_word' id='word_1_363' title='bbox 386 3978 607 4056; x_wconf 75' lang='lat' dir='ltr'><strong>praeecrepait,</strong></span> <span class='ocrx_word' id='word_1_364' title='bbox 636 3996 694 4056; x_wconf 80' lang='lat' dir='ltr'><strong>quc</strong></span> <span class='ocrx_word' id='word_1_365' title='bbox 723 3978 803 4037; x_wconf 80' lang='lat' dir='ltr'><strong>alter</strong></span> <span class='ocrx_word' id='word_1_366' title='bbox 823 3977 864 4036; x_wconf 83' lang='lat' dir='ltr'><strong>ab</strong></span> <span class='ocrx_word' id='word_1_367' title='bbox 886 3976 984 4035; x_wconf 82' lang='lat' dir='ltr'><strong>altera</strong></span> <span class='ocrx_word' id='word_1_368' title='bbox 1007 3976 1190 4036; x_wconf 71' lang='lat' dir='ltr'><strong>internosce-</strong></span> 
     </span>
     <span class='ocr_line' id='line_1_44' title="bbox 82 4062 632 4141; baseline 0.002 -23"><span class='ocrx_word' id='word_1_369' title='bbox 82 4072 179 4122; x_wconf 83' lang='lat' dir='ltr'><strong>retur.</strong></span> <span class='ocrx_word' id='word_1_370' title='bbox 220 4064 346 4141; x_wconf 88' lang='lat' dir='ltr'><strong>Procop.</strong></span> <span class='ocrx_word' id='word_1_371' title='bbox 367 4063 391 4121; x_wconf 91' lang='lat'><strong>1.</strong></span> <span class='ocrx_word' id='word_1_372' title='bbox 416 4065 431 4125; x_wconf 90' lang='lat'>1</span> <span class='ocrx_word' id='word_1_373' title='bbox 453 4062 525 4121; x_wconf 83' lang='lat' dir='ltr'><strong>bell.</strong></span> <span class='ocrx_word' id='word_1_374' title='bbox 548 4064 632 4121; x_wconf 80' lang='lat' dir='ltr'><strong>Pers.</strong></span> 
     </span>
    </p>

    <p class='ocr_par' dir='ltr' id='par_1_6' title="bbox 82 4144 1189 4402">
     <span class='ocr_line' id='line_1_45' title="bbox 167 4144 1189 4228; baseline -0.001 -23"><span class='ocrx_word' id='word_1_375' title='bbox 167 4146 205 4205; x_wconf 86' lang='grc' dir='ltr'><strong>Ρ.</strong></span> <span class='ocrx_word' id='word_1_376' title='bbox 227 4149 290 4223; x_wconf 83' lang='grc'><strong>79,</strong></span> <span class='ocrx_word' id='word_1_377' title='bbox 313 4147 343 4209; x_wconf 89' lang='grc'><strong>1.</strong></span> <span class='ocrx_word' id='word_1_378' title='bbox 396 4144 511 4205; x_wconf 77' lang='lat' dir='ltr'><strong>seditio</strong></span> <span class='ocrx_word' id='word_1_379' title='bbox 537 4146 793 4228; x_wconf 83' lang='lat' dir='ltr'><strong>Victoriatorrem]</strong></span> <span class='ocrx_word' id='word_1_380' title='bbox 816 4147 914 4219; x_wconf 72' lang='lat' dir='ltr'><strong>Quam</strong></span> <span class='ocrx_word' id='word_1_381' title='bbox 935 4147 1098 4227; x_wconf 75' lang='lat' dir='ltr'><strong>Procopius</strong></span> <span class='ocrx_word' id='word_1_382' title='bbox 1120 4146 1189 4205; x_wconf 74' lang='lat' dir='ltr'><strong>fuae</strong></span> 
     </span>
     <span class='ocr_line' id='line_1_46' title="bbox 82 4231 1189 4314; baseline -0.001 -25"><span class='ocrx_word' id='word_1_383' title='bbox 82 4232 278 4311; x_wconf 70' lang='lat' dir='ltr'><strong>prosequitur</strong></span> <span class='ocrx_word' id='word_1_384' title='bbox 297 4231 353 4295; x_wconf 90' lang='lat'><strong>1.1</strong></span> <span class='ocrx_word' id='word_1_385' title='bbox 376 4232 449 4291; x_wconf 88' lang='lat' dir='ltr'><strong>bell.</strong></span> <span class='ocrx_word' id='word_1_386' title='bbox 463 4234 548 4293; x_wconf 80' lang='lat' dir='ltr'><strong>Pera.</strong></span> <span class='ocrx_word' id='word_1_387' title='bbox 571 4232 760 4314; x_wconf 82' lang='lat' dir='ltr'><strong>affirmatque</strong></span> <span class='ocrx_word' id='word_1_388' title='bbox 780 4234 814 4291; x_wconf 92' lang='lat' dir='ltr'><strong>in</strong></span> <span class='ocrx_word' id='word_1_389' title='bbox 836 4253 870 4292; x_wconf 85' lang='lat' dir='ltr'><strong>ea</strong></span> <span class='ocrx_word' id='word_1_390' title='bbox 886 4251 973 4293; x_wconf 81' lang='lat' dir='ltr'><strong>caece</strong></span> <span class='ocrx_word' id='word_1_391' title='bbox 993 4234 1086 4292; x_wconf 82' lang='lat' dir='ltr'><strong>fuiree</strong></span> <span class='ocrx_word' id='word_1_392' title='bbox 1107 4231 1189 4290; x_wconf 79' lang='lat' dir='ltr'><strong>Con·</strong></span> 
     </span>
     <span class='ocr_line' id='line_1_47' title="bbox 85 4314 1188 4402; baseline -0.004 -23"><span class='ocrx_word' id='word_1_393' title='bbox 85 4318 283 4398; x_wconf 81' lang='lat' dir='ltr'><strong>atentinopoii</strong></span> <span class='ocrx_word' id='word_1_394' title='bbox 302 4318 425 4397; x_wconf 84' lang='lat' dir='ltr'><strong>triginta</strong></span> <span class='ocrx_word' id='word_1_395' title='bbox 448 4314 605 4380; x_wconf 76' lang='lat' dir='ltr'><strong>hommum</strong></span> <span class='ocrx_word' id='word_1_396' title='bbox 626 4320 736 4379; x_wconf 51' lang='lat' dir='ltr'><strong>millia*</strong></span> <span class='ocrx_word' id='word_1_397' title='bbox 776 4320 876 4397; x_wconf 76' lang='lat' dir='ltr'><strong>Quam</strong></span> <span class='ocrx_word' id='word_1_398' title='bbox 893 4338 986 4402; x_wconf 83' lang='lat' dir='ltr'><strong>parre</strong></span> <span class='ocrx_word' id='word_1_399' title='bbox 1005 4339 1077 4379; x_wconf 87' lang='lat' dir='ltr'><strong>vero</strong></span> <span class='ocrx_word' id='word_1_400' title='bbox 1098 4316 1188 4396; x_wconf 84' lang='lat' dir='ltr'><strong>iurgii</strong></span> 
     </span>
    </p>
   </div>
   <div class='ocr_carea' id='block_1_3' title="bbox 0 0 1484 4792">
    <p class='ocr_par' dir='ltr' id='par_1_7' title="bbox 0 0 1484 4792">
     <span class='ocr_line' id='line_1_48' title="bbox 0 0 1484 4792; baseline 0 0"><span class='ocrx_word' id='word_1_401' title='bbox 0 0 1484 4792; x_wconf 95' lang='lat' dir='ltr'><strong> </strong></span> 
     </span>
    </p>
   </div>
  </div>
 </body>
</html>
