2959 4792
217 352 295 429 462
565 352 612 424 m
636 352 748 423 lllS'l.
772 350 973 422 saciasti

216 516 353 605 πάροδον
367 516 443 601 ἔχων
458 513 598 603 asclepi
610 516 792 599 duodelini
808 513 953 605 &soldos
965 520 1006 603 τῇ
1020 514 1179 602 βασιλισση
1198 515 1327 598 ι’ταρασιὲ

216 603 311 683 dolica
331 602 388 686 τήν
409 600 510 669 αι’τοῖν
538 600 693 687 εὐσέβειαν
715 604 759 681 εἰς
781 598 876 687 ὀργήν
897 600 974 666 sosoi
996 608 1059 665 saio
1080 602 1114 666 le
1136 605 1325 687 Παλαιστίνῃ

217 696 409 774 Χριστιανῶν
424 686 602 774 ὄρθοδόξοον
616 694 891 771 reordinationes.
907 689 1060 748 Ανιιιιιιιι
1073 686 1203 767 quidam
1217 685 1328 766 digni·

216 790 280 837 tate
301 779 436 835 illustris
447 777 583 855 facilem
602 778 784 855 nescioquo
804 796 839 834 es
859 795 955 834 carisa
971 772 1094 834 aditum
1105 774 1220 832 habuit
1238 768 1330 852 apud

216 866 427 943 imperatorem
441 873 469 920 et
486 858 672 921 Theodoram
681 862 873 943 Augustam,
888 857 1079 942 quodfalsis
1091 857 1328 918 narrationibus

215 960 322 1008 contra
336 949 540 1023 Christianos,
563 950 618 1027 qui
631 950 663 1006 in
678 948 862 1007 Palaestina
876 946 1000 1026 degunt,
1021 948 1201 1007 concitavit.
1242 944 1327 1003 Sub·

217 1032 263 1093 dit
282 1037 463 1114 Procopius,
492 1034 640 1093 sentiebat
667 1034 720 1093 ille
743 1053 812 1092 cum
830 1033 1003 1106 samaritis,
1035 1050 1141 1091 rerum
1161 1049 1201 1088 ne
1221 1039 1327 1087 tantae

216 1123 369 1200 potentiae
390 1123 537 1179 iacturam
559 1119 687 1194 faceret,
712 1116 951 1178 Christianorum
971 1117 1030 1176 sibi
1056 1118 1193 1175 consulto
1210 1134 1327 1174 nomen

217 1204 393 1264 adsciverat.
436 1208 568 1284 Nempe,
590 1216 625 1263 ut
642 1202 726 1263 idem
747 1204 879 1284 cyrillus
899 1212 1009 1278 narrat,
1032 1222 1102 1260 oum
1122 1211 1243 1260 sanctus
1264 1200 1326 1259 Sa·

215 1291 271 1350 bas
286 1292 578 1370 Constantinopolim
591 1292 779 1369 pervenisset
791 1288 1030 1349 Christianorum
1044 1289 1234 1347 Palaestinae
1249 1304 1326 1343 cau·

218 1396 283 1437 sam
306 1387 433 1451 acturus,
455 1395 473 1435 a
495 1395 554 1457 quo
577 1377 635 1434 sibi
657 1378 749 1433 ctiam
770 1386 860 1456 atque
876 1378 975 1440 etiam
994 1373 1129 1447 timebat,
1151 1374 1189 1432 ob
1211 1391 1326 1451 paren-

217 1465 257 1521 tis
276 1473 306 1521 ct
321 1464 421 1521 fratris
436 1464 469 1520 in
485 1460 670 1521 Christianos
684 1462 874 1520 Palaestinae
888 1462 1056 1533 saevitiam,
1074 1456 1216 1541 quodque
1232 1457 1325 1515 ambo

218 1545 460 1607 crudelissimum
488 1566 523 1604 ea
553 1544 591 1604 de
620 1564 708 1605 causa
737 1548 920 1626 supplicium
941 1543 1112 1618 dedissent3
1143 1540 1326 1623 scythopoli

218 1635 301 1690 enim
322 1654 339 1690 a
354 1630 530 1691 chrisumis
547 1630 687 1691 incendio
703 1634 891 1707 interierunt,
917 1628 999 1711 quod
1019 1629 1103 1689 idem
1115 1630 1210 1689 Sabas
1224 1628 1325 1685 multo

217 1728 288 1775 ante
308 1714 511 1796 praedixerat.
554 1712 702 1797 Σιλβανός
723 1715 765 1791 olc
786 1716 837 1780 leel
859 1712 984 1798 εἰρήνης
1003 1714 1036 1778 ἐν
1048 1710 1244 1777 Σκυθοπόλει
1265 1712 1327 1775 εἰσ-

218 1797 320 1864 stede
350 1802 442 1883 χιορλς
468 1795 631 1875 celeianae
654 1804 813 1883 βασιλικῆς
841 1798 988 1883 οἷριιαγελς
1013 1796 1075 1864 sind
1101 1804 1163 1861 sois
1184 1802 1326 1881 Χριστια-

214 1890 280 1949 soie
303 1886 346 1959 εἰς
367 1882 401 1950 sl
421 1884 514 1965 μέσον
542 1881 663 1968 ἐκαύθη
682 1891 738 1969 τῆς
763 1880 890 1961 πόλεως,
932 1886 1075 1946 Silvanus
1095 1887 1217 1945 Arsenii
1237 1894 1326 1965 pater

214 1972 289 2048 lesit,
310 1982 344 2030 ιιι
364 1972 496 2051 cyrillus
517 1970 642 2030 ibidem.

297 2059 334 2116 P.
358 2058 436 2135 150,
462 2057 510 2127 14.
555 2058 653 2117 Nullo
669 2058 827 2136 principer
846 2054 1013 2137 afficerunt
1031 2050 1236 2128 incommodo,
1258 2054 1326 2113 nisi

214 2139 301 2223 quod
325 2147 414 2223 regia
435 2141 636 2222 prohibuere]
664 2140 760 2202 Addit
782 2144 927 2221 cyrillus,
954 2134 1106 2224 Ἀρσὲνιος
1126 2133 1252 2221 daorsis
1271 2138 1323 2203 iul

213 2223 327 2309 χρόνον
356 2227 460 2310 γέγονε
497 2230 556 2291 τοῦ
586 2226 730 2308 βασιλέως
757 2220 971 2291 Ἰοοστινιανοῦ
999 2220 1203 2309 ἆναιρεθῆναι
1231 2220 1324 2290 miris

212 2308 420 2386 salsissimae.
462 2312 614 2373 Arrenius
640 2334 672 2372 se
692 2308 738 2370 ad
758 2324 875 2393 tempus
896 2312 1045 2387 occuluit,
1076 2309 1160 2391 quod
1180 2332 1249 2369 eum
1272 2314 1325 2370 in-

212 2399 310 2477 terfici
330 2401 455 2457 iusserit
475 2400 650 2475 irnperutor.
695 2396 731 2457 ld
753 2399 879 2458 fumasse
904 2418 959 2477 per
979 2400 1129 2477 speciem3
1151 2416 1245 2479 quare
1265 2418 1323 2477 per

102 2487 127 2546 l
144 2488 196 2547 109
213 2486 439 2545 simulationem
460 2494 491 2541 et
511 2488 577 2564 ipse
593 2483 833 2544 Christianorum
850 2484 1001 2564 mysteriis
1018 2494 1085 2544 tum
1105 2494 1152 2542 est
1172 2486 1322 2543 initians.

297 2572 333 2628 P.
354 2570 423 2645 151,
446 2572 476 2633 8·
528 2568 714 2629 theodoram
734 2570 870 2651 offendit,
892 2590 973 2649 quae
990 2571 1155 2628 contrariis
1178 2568 1324 2628 Caesaris

212 2652 344 2729 studiis,
373 2665 409 2712 ut
430 2654 518 2733 infra
539 2652 661 2729 dicam,
689 2674 726 2713 ea
747 2660 782 2713 in
808 2677 840 2715 re
866 2658 929 2713 niti
949 2656 1020 2712 visa
1040 2656 1100 2734 est]
1136 2652 1173 2712 ld
1203 2666 1264 2729 est,
1289 2657 1323 2714 in

214 2760 303 2799 caasa
325 2739 579 2801 Chalcedonensis
600 2742 736 2815 concilii3
758 2750 830 2799 nain
847 2742 1030 2800 lastinianus
1051 2741 1221 2817 συνοδλτης,
1245 2762 1322 2799 corr-

213 2825 336 2883 cs'liaris
360 2837 439 2884 erat:
462 2838 583 2903 contra,
605 2824 769 2886 Theodora
791 2826 953 2885 damnabat
974 2844 1042 2883 earu
1063 2823 1230 2903 synodum,
1253 2845 1321 2885 am-

211 2911 399 2991 plectebatur
418 2912 574 2987 Severum,
596 2910 784 2992 Acephalos,
807 2909 1047 2991 Monophysitas,
1067 2908 1320 2991 Theopasobitas,

212 3006 244 3055 et
273 2998 347 3057 alios
376 3000 440 3057 eius
472 3001 616 3077 temporie
646 3000 829 3057 Haereticos.
872 2995 947 3057 Vide
967 2998 1077 3074 Evagr.
1104 2996 1126 3053 1.
1144 2996 1175 3059 4.
1217 2997 1321 3057 Viator

211 3082 315 3142 Tunn.
338 3082 378 3141 ad
399 3084 589 3142 consulatum
609 3085 731 3159 Basilii,
757 3080 847 3142 etad
868 3082 1015 3142 consulat.
1035 3082 1131 3139 Decii.
1182 3080 1320 3141 'Ilieodo-

211 3188 264 3226 rae
284 3168 449 3250 Augustae
464 3172 568 3247 factio
593 3190 689 3227 unam
710 3167 748 3227 de
768 3168 924 3228 lbinitate
939 3186 1071 3247 passum
1093 3187 1231 3225 asserens
1257 3188 1321 3227 non

100 3253 128 3310 V
141 3254 194 3311 ³79
211 3252 380 3313 secundam
408 3252 501 3333 quid,
533 3252 588 3313 sed
606 3254 761 3330 absolute,
790 3252 1019 3334 suscipiendum
1042 3254 1163 3311 cunctis
1179 3254 1321 3333 generali

210 3340 275 3419 lege
295 3342 440 3419 imponit,
467 3351 496 3397 et
520 3362 541 3398 a
563 3339 680 3399 clericis
703 3350 798 3420 atque
817 3338 975 3398 monachis
995 3336 1232 3417 subscriptiones
1250 3343 1320 3397 vio-

209 3426 303 3484 lenter
324 3426 430 3503 eregit.
473 3426 600 3485 Sanctus
624 3425 734 3499 Sabas-3
764 3436 799 3483 ut
820 3426 950 3506 cyrillus
975 3424 1080 3498 refert,
1111 3444 1195 3483 orare
1217 3424 1320 3485 noluit

208 3529 264 3589 pro
294 3512 415 3587 sobole,
448 3528 540 3589 quem
568 3510 625 3569 sibi
646 3508 809 3569 Theodora
837 3508 961 3570 concedi
982 3530 1000 3567 a
1022 3506 1079 3567 deo
1098 3509 1236 3588 petebat,
1264 3510 1319 3573 lea

206 3592 253 3703 pri
276 3596 309 3659 ol
328 3596 391 3658 υἱοὶ
414 3590 509 3675 αὐτῆς
533 3600 596 3658 τοῖν
612 3590 753 3677 Σεοήροα
773 3591 933 3675 θηλᾶσιοσι
953 3588 1126 3677 δογμάτων,
1155 3594 1208 3657 καλ
1227 3596 1319 3677 zelon

208 3683 404 3743 Αναστασίου
426 3679 576 3763 ταράξωσι
596 3676 653 3759 sris
675 3682 846 3761 ἐκκλησίαν.
889 3682 952 3756 Νι,
976 3682 1132 3760 maumas,
1151 3683 1217 3739 eius
1238 3702 1319 3761 quo-

208 3786 268 3847 que
282 3767 351 3843 filii
372 3769 473 3826 Seueri
493 3766 642 3846 dogmata
660 3777 837 3847 gustarent,
859 3775 887 3824 et
907 3787 1000 3846 quam
1020 3766 1213 3825 Anastasiou
1229 3769 1320 3847 peri-

205 3852 341 3911 culosius
357 3852 514 3911 ecclesiam
523 3852 747 3932 perturbarent.
790 3854 887 3925 Quare
904 3852 951 3910 bis
969 3849 1160 3911 anathemate
1177 3855 1318 3932 perculsa

206 3944 263 4009 est,
285 3938 381 3996 semel
403 3940 440 3997 ab
461 3942 609 4019 Agapeto,
630 3948 666 3996 ut
686 3938 769 3997 idem
790 3941 892 3998 Victor
912 3936 1042 3995 affirmat
1064 3935 1103 3996 ad
1124 3939 1317 3998 consulatum

204 4022 331 4099 Iustini3
357 4024 468 4083 iterum
497 4044 514 4081 a
540 4025 661 4104 Vigilio.
705 4026 834 4084 Sanctus
860 4024 1023 4101 Gregorius
1050 4022 1073 4081 l.
1099 4027 1121 4087 9
1151 4028 1240 4105 epist.
1261 4030 1315 4090 86.

206 4104 414 4167 recordandae
436 4112 597 4167 memorias
621 4109 762 4189 Vigilius
783 4130 875 4189 papa
902 4110 936 4167 in
964 4107 1036 4167 urbe
1056 4111 1143 4187 regia
1163 4112 1317 4167 constita-

207 4203 260 4250 tus
281 4203 386 4251 contra
411 4192 601 4253 Theodoram
622 4204 697 4252 tunc
716 4194 912 4275 Augustam,
938 4203 966 4251 et
985 4192 1160 4272 Acrplsalos
1180 4191 1316 4252 damna-

208 4279 303 4335 tionis
318 4278 536 4357 promulgavit
555 4282 740 4339 sententiam.
785 4278 873 4353 Quod
899 4276 950 4337 hic
977 4277 1016 4337 de
1038 4280 1165 4338 concilio
1186 4278 1317 4338 Chalce-

209 4360 360 4439 donensi,
388 4373 419 4423 et
446 4362 485 4422 de
514 4366 668 4425 mntrariis
702 4365 885 4427 sandonibus
912 4362 1064 4425 diotumm
1090 4382 1124 4426 se
1152 4364 1316 4444 pollicetur
