2959 4792
410 452 418 466 ,
488 380 633 449 uorsa
656 372 882 456 insumul.
1162 388 1240 461 467

132 542 283 602 Simeonis
311 542 439 625 Stylitae
467 541 505 603 ad
532 547 734 607 lastinianum
766 548 918 611 iuniorem
944 552 1092 632 θηλυκοῖς
1125 572 1239 615 nomen

131 627 271 705 affertur,
293 634 348 709 τῆς
369 624 464 711 αὐτῆς
484 636 713 713 αορφυρεαῖνος.

213 716 251 772 P.
276 715 345 789 164,
368 718 398 777 3.
442 717 683 796 Porphyriovsem
703 720 897 778 maritimum
915 722 1048 801 pagum]
1070 724 1157 782 Talis
1178 724 1277 791 fuiti
1294 736 1347 793 115

129 807 165 857 ut
176 800 362 879 Episcopum
375 797 509 861 baberet.
551 804 711 861 Iustiniani
724 814 860 883 tempore
871 802 1053 866 Theodorus
1075 828 1144 867 eam
1158 814 1239 870 rexit

129 885 303 960 eeclesiam,
335 888 390 965 qui
418 889 450 943 in
478 888 606 967 epistola
626 884 792 969 Epiphanii
812 901 879 949 tum
899 893 1065 971 Tyriorum
1084 896 1236 956 Antistitis

127 970 313 1050 subscriptus
333 968 472 1031 habetur.
515 974 592 1031 Huio
623 972 732 1033 deinde
754 978 897 1035 suecessit
922 978 976 1035 sub
1007 976 1116 1037 eodem
1143 984 1236 1039 Iusti-

126 1055 218 1113 uiano
240 1052 481 1135 Chr-istopborus‚
506 1060 560 1137 qni
582 1060 708 1119 oonsilio
729 1060 988 1142 Constantinopoli
1009 1082 1026 1121 e
1047 1066 1159 1123 Manna
1184 1086 1236 1125 oe·

126 1139 242 1198 lebrato
271 1141 426 1216 interfuit,
455 1152 490 1200 ut
518 1161 559 1200 ex
585 1140 642 1202 hao
667 1147 731 1203 eius
758 1164 853 1204 manu
878 1148 991 1227 liquet,
1023 1146 1238 1233 Χριστοφόρας

127 1226 356 1307 Πορφνρεαῖνος
373 1228 521 1305 Φοινίκης
540 1230 697 1310 παραλίας.

210 1311 246 1367 P.
271 1310 349 1384 164,
374 1314 423 1374 12·
470 1311 548 1371 Cum
569 1316 603 1370 in
623 1324 815 1393 compertum
834 1313 1017 1392 Issstinioni,
1048 1316 1237 1377 moderata

126 1412 186 1472 que
211 1396 344 1454 venirent
362 1405 428 1453 tum
450 1398 527 1470 atti,
549 1408 606 1456 eto.
639 1410 806 1479 utrumque
827 1402 980 1479 principis
995 1399 1104 1480 prdem
1126 1406 1232 1464 osculo
1249 1410 1272 1464 1³
1292 1410 1343 1467 trs

119 1479 398 1559 prosequebantur]
424 1483 510 1541 Alios
531 1464 681 1543 inierioris
703 1484 817 1543 ordinis
838 1482 873 1543 id
893 1485 1067 1545 observasse
1088 1488 1233 1550 credibile
1318 1536 1321 1539 ⁴

124 1575 188 1638 eat,
212 1563 331 1645 quando
351 1569 545 1645 patriciorum
565 1566 617 1626 hio
637 1588 709 1629 usus
732 1581 805 1646 erat,
826 1581 860 1629 ut
879 1566 931 1627 bia
950 1567 1062 1648 habes,
1086 1583 1116 1631 at
1135 1596 1167 1655 p.
1189 1579 1232 1639 68

124 1658 156 1707 et
177 1651 229 1713 69.
272 1651 419 1730 corippus
441 1653 495 1710 lib.
518 1655 627 1731 primo,

565 1746 593 1795 et
607 1737 727 1817 poplite
737 1737 824 1817 flexo

248 1821 393 1878 Plurima
414 1819 531 1879 divinis
551 1820 793 1902 supplaudebat
810 1822 917 1880 orosslo
933 1822 1062 1901 plantis.

120 1904 167 1962 De
180 1904 341 1963 Persarum
361 1906 469 1984 legatis
484 1905 567 1965 idem
587 1918 688 1965 namet
700 1905 869 1965 Menander
880 1909 1035 1967 Protector
1047 1908 1101 1966 lib.
1116 1910 1229 1987 primo.

118 1990 168 2048 Ab
191 1990 397 2050 aeclesiasticis
419 1991 502 2050 idem
522 2003 675 2051 servatum
690 1991 847 2051 ostendere
862 1990 1003 2050 videntur
1017 1996 1228 2073 episeoponam

119 2085 151 2133 et
177 2072 395 2134 monachorum
423 2078 540 2135 litterae
562 2075 600 2135 ad
622 2080 837 2149 lastinianum,
868 2074 887 2139 d
912 2069 1145 2156 ἆρχιεπίσκοπος
1171 2084 1228 2159 τῆς

116 2159 319 2242 πρεσβυτέρας
337 2157 449 2241 Ῥώμης
471 2157 639 2243 Ἀγαπητδς
667 2160 684 2226 ὅ
711 2157 856 2236 ἀξιωθεὶς
883 2164 945 2223 τῶν
972 2156 1108 2242 εὐσεβῶν
1135 2161 1226 2243 durio

117 2245 221 2325 ἰχνῶν.
263 2246 522 2326 Arobiepiaoopus
539 2251 647 2305 veteris
662 2248 780 2305 Romae
792 2246 954 2325 Agapetuo
969 2249 1026 2325 qui
1045 2247 1091 2304 ad
1097 2251 1227 2326 piorum

115 2341 285 2389 vestrorum
305 2334 437 2411 vestigia
454 2332 569 2411 pedum
591 2331 751 2390 admissus
771 2342 824 2392 est.
866 2333 906 2389 Et
920 2328 1072 2407 monachi,
1094 2325 1227 2413 ἐδεήθη·

116 2420 255 2496 persoir
277 2410 412 2497 εὐσεβῶν
433 2416 521 2499 ὑμῶν
542 2417 645 2497 ἰχναῖν,
663 2420 729 2497 piis
749 2417 858 2474 vestris
878 2419 1019 2494 vestigiis
1032 2418 1227 2498 supplicavi-

115 2521 195 2562 mus.
237 2503 386 2576 Erasini,
416 2496 480 2581 diuos
501 2506 595 2564 πᾶσιν
615 2500 691 2581 ἡμῖν
710 2506 775 2575 τοῖς
794 2500 1007 2583 πρεσβυτέροις
1028 2502 1072 2576 εἰς
1097 2498 1135 2564 r'd
1154 2502 1225 2585 ἴχνη

112 2590 172 2649 sori
194 2578 409 2666 εὐσεβεστάτου
430 2586 575 2667 βασιλέως
596 2588 731 2669 δραμεῖν,
755 2586 855 2671 simul
873 2606 942 2644 oum
963 2586 1053 2645 nodia
1067 2588 1224 2667 presbyte-

112 2673 161 2729 ris
181 2668 226 2729 ad
245 2675 376 2751 vestigia
396 2674 533 2750 piissimi
553 2675 748 2751 imperatoris
767 2674 867 2731 nostri
886 2691 1052 2729 accurrere.
1093 2671 1141 2730 Ab
1170 2694 1224 2732 eo-

114 2756 290 2817 olesiastiois
311 2754 370 2817 hoo
391 2776 485 2836 genus
507 2758 643 2839 obsequii
664 2760 790 2815 minime
812 2758 1005 2837 requisivisse
1018 2758 1222 2817 Iustiniausun

111 2842 217 2921 palam
240 2856 303 2918 ναῖς
335 2846 397 2901 imo
427 2840 632 2921 apatriaroha
653 2845 686 2900 in
707 2846 845 2922 ingressu
867 2839 1060 2923 dissessuque
1082 2841 1222 2902 benedici

113 2930 305 2986 consuevisse
326 2930 517 2987 Iunooeutius
538 2930 730 2987 Maronianus
756 2929 820 2986 eius
848 2929 991 3007 temporis
1018 2929 1145 3006 scriptor
1171 2938 1221 2986 te-

112 3022 209 3071 statur
237 3014 268 3070 in
297 3016 383 3092 epist.
412 3012 451 3071 ad
479 3011 671 3073 Themstem.
714 3015 885 3072 Piis-rimus
909 3024 1003 3091 atque
1026 3023 1149 3071 amator
1169 3010 1221 3072 det

111 3100 280 3176 imperator
306 3110 408 3155 noster
436 3100 580 3156 aconaito
609 3101 804 3157 sanctissimo
828 3097 1013 3177 patriarcha
1040 3096 1223 3177 Epiphanio·

106 3186 266 3263 praecepit
296 3204 351 3242 nos
377 3182 499 3262 ingredi
525 3204 595 3242 cum
623 3188 705 3263 apso,
732 3194 762 3242 et
785 3194 952 3263 postquam
976 3182 1099 3241 loeutus
1125 3192 1169 3240 est
1189 3186 1219 3240 ei

111 3290 193 3348 quoe
221 3268 295 3327 deus
321 3269 373 3326 illi
399 3272 581 3347 inspiravit,
610 3272 713 3348 ipsum
734 3267 855 3348 quidem
884 3266 1020 3344 dimisit,
1050 3266 1219 3327 secundum

110 3374 225 3413 morem
246 3356 383 3411 oratione
394 3354 491 3432 sacta
509 3376 569 3435 pro
597 3358 663 3412 eiua
677 3356 804 3434 pietate.
850 3355 885 3413 Si
906 3351 965 3412 hoo
986 3363 1046 3427 ssi,
1075 3354 1127 3434 qui
1150 3372 1218 3411 ore-1

111 3438 185 3497 dere
206 3440 328 3497 Graecis
356 3459 516 3519 possumus
537 3443 709 3519 Agapetum
736 3441 906 3498 Romanum
933 3440 1059 3497 Iustinia
1088 3441 1217 3517 vestigia

109 3536 288 3583 veneratum
308 3525 419 3601 fuisse,
443 3545 513 3583 rum
535 3525 575 3583 ad
597 3545 667 3583 euin
688 3527 782 3605 patris
803 3523 1048 3604 praeseferens
1070 3525 1216 3581 autorita-

108 3620 174 3669 tem
195 3608 374 3669 accesserit?
396 3630 468 3668 nam
489 3614 523 3669 in
545 3612 671 3690 epistola
692 3608 731 3668 ad
751 3612 876 3668 Petrum
891 3610 1214 3688 Hierosolymitanum‚

109 3698 307 3775 eremitaque
326 3698 585 3775 pervenissemus,
615 3698 728 3776 iuquit,
756 3692 802 3753 ad
829 3696 1008 3753 comitatum
1029 3695 1216 3752 serenissimi

107 3784 304 3860 imperatoris
320 3782 386 3860 fittt
405 3784 518 3855 nostri,
539 3792 595 3840 eto.
638 3782 689 3839 Sio
716 3783 910 3860 imperatores
933 3782 1083 3838 Romanos
1107 3779 1216 3860 appel-

108 3867 211 3926 lavere
234 3868 363 3926 Romani
387 3868 560 3948 pontifices3
590 3865 673 3947 quod
699 3865 798 3924 dioere
819 3883 918 3945 neque
938 3861 1126 3944 Epiphanius
1155 3885 1215 3944 pa·

108 3950 251 4028 triorche,
272 3972 371 4033 neque
393 3954 471 4012 alius
493 3954 676 4011 Graecorum
697 3953 905 4011 severissimus
926 3968 1040 4024 censor,
1062 3960 1093 4007 et
1113 3950 1215 4008 eoele-

108 4041 247 4097 siastioae
270 4037 425 4117 dignitatis
447 4038 561 4097 vindex
587 4056 722 4120 unquam
744 4046 856 4117 posset.
898 4036 954 4095 Illa
975 4046 1047 4095 vero
1066 4034 1214 4116 loquendi

110 4122 295 4183 consuetudo
318 4134 372 4197 est,
395 4135 424 4183 et
441 4126 554 4183 Graeca
576 4122 726 4203 quaedam
747 4120 891 4180 adulatio.
934 4121 1062 4180 Orientis
1078 4122 1213 4199 episoopi

108 4210 173 4269 suis
197 4208 426 4289 imperatoribus
452 4213 496 4269 ita
523 4229 643 4289 semper
666 4205 795 4267 blanditi
822 4216 904 4266 sunt.
949 4204 1076 4267 Photius
1097 4206 1213 4285 Tyrius

108 4296 260 4355 Marciano
283 4298 436 4374 Augusto,
459 4295 564 4374 δέομαι
585 4286 642 4357 οὖν
662 4287 958 4375 προααλινδούμενος
976 4296 1038 4354 ταῖν
1058 4289 1214 4372 ὁμαιέραν

48 4392 53 4399 “
108 4382 212 4463 ἰχνῶν.
258 4382 319 4441 Oro
350 4383 449 4461 igitur
475 4378 520 4441 ad
539 4390 710 4443 vestrorum
732 4376 850 4461 pedum
870 4380 1001 4459 vestigio
1015 4376 1212 4457 provolutae.
