2959 4792
500 187 645 260 NOTAE
669 187 893 258 tinnitus
1171 189 1248 262 367

272 354 420 416 Nominis
439 363 468 414 et
487 356 563 413 recti
583 355 701 416 Iustino
722 357 757 414 in
773 354 914 436 principe
932 354 1012 417 rtrtt

273 441 468 502 lastinianus
488 460 564 519 apex
585 439 712 502 donnini.
733 473 862 488 --—

229 525 266 584 P.
288 525 340 602 45,
364 530 394 590 1.
440 524 546 585 Colore
568 527 713 603 imbutus,
735 547 797 606 quo
817 523 945 584 scribere
964 543 1032 583 mos
1051 534 1096 583 est
1115 527 1250 606 impera-

141 609 277 692 toribus]
299 611 458 690 Gregoritts
480 609 630 672 sectmdus
652 611 692 672 ud
711 614 847 671 Leonem
865 613 1005 670 lecturum
1025 611 1248 691 imperatorem.

140 699 282 756 Litterae
303 707 393 773 tuae,
421 709 450 756 et
469 718 530 778 non
551 698 672 757 alienae
699 698 817 778 sigillis
843 698 1049 776 imperatoriis
1070 696 1250 776 obsignatae

141 782 308 859 diiigenter
327 791 441 860 eremi,
468 793 496 841 et
516 794 679 842 accuratae
703 786 789 843 intus
808 781 1046 862 subscriptiones
1060 802 1118 861 per
1139 786 1250 842 cinna-

141 867 235 926 barin
243 871 375 947 propria
388 887 485 927 manu
498 877 565 943 tua,
588 881 622 927 ut
642 889 707 928 mos
724 879 769 928 est
788 865 1034 945 imWatoribus,
1054 868 1248 932 subscribere.

144 951 341 1012 Cinnabarin
361 956 479 1012 vocavit
500 953 538 1013 ob
553 955 660 1014 coloris
680 951 930 1027 snnffltudinem3
952 950 1008 1012 sed
1019 955 1248 1034 imperatorium

141 1048 325 1097 encaustum
352 1059 538 1119 purpureum
566 1051 630 1099 eret
658 1059 699 1098 ex
718 1040 846 1098 murice.
888 1039 980 1098 Sacri
1005 1037 1126 1119 affatus
1154 1061 1249 1120 quos.

141 1143 271 1203 cumque
290 1135 415 1183 nostrae
433 1122 680 1184 mansuetudinis
699 1128 734 1184 in
749 1144 944 1205 quacumque
956 1127 1152 1203 paginarum
1171 1127 1249 1183 seri.

134 1212 238 1290 pserit
259 1211 424 1286 autoritas,
444 1229 507 1269 nan
527 1209 592 1267 alio
613 1209 706 1271 cultu
718 1213 855 1291 penitus,
873 1220 931 1268 aut
952 1210 1066 1283 colore,
1085 1213 1149 1268 nisi
1165 1231 1247 1290 pur-

134 1313 240 1374 purea
275 1293 488 1354 tantummodo
514 1297 712 1375 incriptione
738 1298 926 1358 lustrentur.-
954 1294 1071 1354 scilicet
1098 1306 1135 1352 ut
1165 1297 1247 1353 cocti

140 1381 286 1458 nutricis,
320 1391 349 1438 et
377 1381 447 1438 triti
477 1380 628 1460 conchylii
656 1379 768 1441 ardore
797 1384 967 1461 signentur.
1018 1382 1114 1440 Hanc
1142 1391 1247 1438 autem

138 1468 227 1524 sacri
253 1467 392 1524 encausti
413 1465 629 1545 confectionem
652 1467 735 1526 nulii
761 1469 804 1525 sit
823 1468 958 1542 licitum,
988 1476 1045 1523 aut
1071 1485 1246 1525 concessum

138 1549 259 1612 babere.
287 1551 352 1612 l.6
378 1569 405 1609 c.
426 1547 466 1608 de
484 1549 593 1610 divers.
616 1557 751 1632 rescript.
775 1562 953 1610 encaustum
982 1549 1074 1610 hodie
1103 1553 1137 1609 in
1157 1552 1246 1609 italia

139 1633 272 1695 dicimus
301 1634 492 1709 ascbiostr05
521 1647 682 1715 encausta,
716 1647 748 1695 et
774 1639 972 1697 encassstaria
1005 1635 1171 1715 legendum
1205 1633 1245 1694 ud

137 1720 164 1782 l·
187 1723 208 1784 9
229 1741 255 1780 c.
277 1717 316 1778 de
338 1721 430 1800 agric.
456 1721 557 1801 liquor
582 1723 635 1781 ille
662 1741 849 1802 purpureus,
876 1741 969 1804 quem
995 1719 1047 1781 hic
1073 1741 1134 1780 non
1163 1731 1246 1778 etre-

137 1815 289 1881 mentum‚
311 1805 366 1864 sed
380 1818 649 1886 purpuramentum
669 1825 778 1866 vocure
794 1808 894 1883 liceat,
916 1806 1091 1868 cernebatur
1109 1809 1142 1864 in
1163 1817 1246 1864 etre-

137 1895 299 1966 mentcrio‚
319 1893 381 1950 nisi
401 1889 499 1950 dicere
521 1895 613 1952 etium
632 1893 732 1966 mulis,
754 1893 1052 1973 purpuramenturi03
1071 1889 1155 1972 qnod
1174 1911 1246 1950 cum

138 1977 270 2034 caniculi
290 1976 422 2036 formem
445 1976 637 2058 effigiemque
656 1995 730 2057 pree
750 1978 895 2038 referret
920 1977 1039 2058 (quales
1062 1987 1247 2037 eumente-

137 2063 256 2121 riorum
275 2061 388 2144 formcp
408 2060 560 2144 hodieque
581 2060 776 2142 usurpemus)
804 2063 842 2123 ob
866 2060 901 2121 id
922 2079 1094 2122 cssrcunns
1123 2073 1169 2121 est
1189 2081 1246 2142 ep-

136 2147 300 2227 pellstum.
342 2149 383 2206 Et
404 2166 422 2206 a
444 2161 597 2209 csnrccto
619 2158 691 2224 eret,
712 2151 767 2229 qui
784 2150 904 2208 (isessri
925 2145 1074 2206 eiusmodi
1095 2167 1247 2227 purpure-

136 2235 325 2294 mentsrium
343 2233 542 2294 ministrabat.
584 2236 762 2294 Anastasius
777 2231 1028 2294 Bibliotheccrius
1049 2231 1088 2292 ed
1108 2244 1246 2292 onerem

137 2315 294 2398 synodum
315 2329 373 2377 act.
395 2318 447 2381 10.
469 2321 672 2399 Praepositae
692 2320 832 2379 caniculi
851 2331 911 2398 est,
932 2322 990 2400 qui
1008 2339 1119 2378 euram
1140 2329 1168 2376 et
1189 2339 1247 2376 cu-

136 2400 276 2462 stodiam
292 2407 376 2483 gerit
395 2404 548 2482 caniculi,
569 2403 606 2462 id
624 2416 678 2481 est,
698 2407 923 2480 atramentarii,
945 2425 980 2464 es
1000 2425 1060 2484 quo
1080 2406 1246 2483 imperator

1264 362 1341 417 ΗΟ

138 2505 333 2548 rnonmcnts
362 2489 485 2548 litteras
507 2490 616 2548 scribit
645 2493 679 2550 in
709 2489 837 2555 chartis.
887 2488 938 2549 Ad
965 2509 1077 2550 nomen
1115 2492 1142 2548 si
1172 2487 1247 2569 quid
1303 2509 1306 2518 ’

137 2583 295 2653 praeterea
315 2575 436 2632 Caesari
464 2573 712 2634 subscribendum
733 2586 813 2650 eret,
840 2573 874 2634 id
897 2578 1087 2656 praepositus
1117 2575 1246 2632 caniculi

137 2679 235 2717 manu
256 2678 312 2717 sus
332 2660 484 2734 exerebat,
507 2659 641 2741 quadiu
662 2661 744 2718 calce
765 2660 902 2720 eiusdem
922 2660 1031 2740 synodi
1045 2658 1245 2739 christopho-

138 2763 210 2802 rum
227 2745 333 2803 Basilii
353 2747 578 2824 imperatoriis
597 2745 732 2805 cuniculo
750 2746 858 2806 fecisse
873 2747 980 2828 liquet.
1021 2746 1244 2803 Prseficiebsu-

138 2839 190 2888 tur
210 2831 346 2889 cuniculo
360 2832 496 2910 primarii
516 2849 534 2888 c
556 2836 688 2906 secretis,
711 2851 842 2912 quorum
861 2851 972 2910 magns
986 2828 1117 2909 dignitus
1139 2841 1170 2889 et
1187 2849 1244 2888 cu-

138 2916 245 2974 torites
264 2915 332 2989 fuit,
352 2925 456 2996 utpote
477 2935 556 2996 quse
576 2917 648 2976 solis
662 2915 787 2975 taudem
800 2919 987 2996 imperatoris
1009 2919 1155 2995 sanguine
1169 2935 1244 2994 pro-

138 3001 262 3080 pinquis
284 2999 506 3060 concederetur.
548 3004 631 3076 Quce
650 3004 756 3062 Iunius
778 3001 816 3062 de
842 3001 902 3062 hoc
925 3003 1024 3062 officio
1046 2999 1129 3082 apud
1149 2999 1243 3060 codi-

138 3104 231 3159 num,
252 3102 353 3165 nugae
374 3097 455 3146 sunt.

225 3171 262 3228 P.
282 3171 342 3245 45,
364 3171 395 3235 6.
442 3172 629 3251 Lupicinus]
663 3171 793 3232 Sanctus
820 3169 1006 3252 Nicephorns
1037 3172 1071 3229 in
1101 3168 1243 3230 chronico

138 3246 344 3332 Euphemiam
363 3257 504 3336 appellet.
547 3259 678 3340 Uterque
699 3258 796 3333 bene;
827 3257 906 3317 illud
926 3257 1109 3317 vocabulum
1133 3258 1245 3314 netuli-

139 3342 219 3400 tium
239 3341 307 3416 fuit,
328 3339 387 3400 hoc
407 3344 529 3400 nomine
550 3345 705 3417 cinctino,
727 3345 901 3425 populoque
914 3343 1244 3421 constantinopolitano

138 3427 278 3504 Augusta
300 3427 484 3486 consalutata
505 3439 559 3503 est,
581 3440 616 3488 ut
636 3427 749 3488 hebent
763 3431 870 3488 Graeci
892 3431 1050 3509 scriptores
1071 3445 1147 3508 quos
1164 3426 1245 3484 infru

139 3508 181 3568 sd
209 3531 240 3590 p.
262 3511 303 3578 45
331 3511 429 3575 linc
456 3512 657 3574 laudabimus.
701 3515 802 3575 Victor
828 3516 1004 3575 Tunnensis
1030 3516 1063 3571 in
1092 3511 1244 3571 chronico.

137 3595 256 3658 Iustini
276 3599 387 3656 canius
400 3600 561 3679 Lupicino
580 3603 701 3660 nomine
721 3598 891 3680 dicebatur,
912 3619 1008 3682 quam
1023 3599 1244 3659 &mammos

131 3681 272 3762 politani
285 3683 492 3763 Euphemiam
508 3696 617 3766 postea
636 3695 829 3746 vacaverunt.

224 3768 261 3825 P.
283 3765 335 3844 45,
354 3769 385 3829 8.
429 3771 570 3850 Insignis
589 3770 678 3829 bomo
699 3768 904 3852 stoliditatis]
933 3767 1037 3844 idem,
1059 3764 1115 3829 sed
1134 3765 1245 3827 mode-

137 3851 215 3910 stius
237 3852 260 3910 1.
283 3854 303 3914 1
324 3854 397 3912 bell.
419 3854 515 3916 Vend.
539 3850 626 3919 οὔπω
647 3852 703 3936 μὲν
719 3851 827 3936 ἥκοντι
850 3854 882 3930 ἐς
908 3854 1080 3935 βασιλείαν,
1109 3854 1244 3918 διοικου-

137 3933 221 4020 μένῳ
243 3932 277 4000 di
295 3932 391 4020 abacia
410 3935 480 4002 κατ’
501 3941 656 4019 ἐξουσίαν,
683 3939 750 4003 inei
774 3942 806 4004 ci
826 3940 845 4005 i
865 3946 953 4013 θεῖος
969 3931 1129 4014 'tantan
1147 3937 1244 4019 sinic-
1360 4001 1363 4008 .

136 4015 239 4128 metit
259 4045 291 4086 ts
311 4017 356 4126 cir
377 4024 539 4107 ἐβασίλευε,
559 4025 612 4089 nai
631 4030 694 4170 qisir
712 4021 790 4088 acti
809 4023 869 4126 prin
889 4022 1042 4168 nqitcpier
1057 4017 1244 4127 astruitur
