2959 4792
686 15 705 54 Q

496 302 640 371 Notae
665 304 892 373 tumtum.
1169 308 1245 383 465

139 461 282 541 patricius
302 464 455 525 Romnum
479 458 502 525 'a
523 463 724 527 Theodelaatc
746 465 929 531 Gottlrorum
950 490 1021 551 rege
1043 469 1083 531 ad
1101 475 1245 534 lastinia-

138 566 214 605 num
243 548 409 629 ablegatus.
452 552 586 611 Diversis
607 552 832 635 magistratibus
858 556 891 614 iu
912 558 1026 616 oriente
1045 557 1166 619 fannus
1188 573 1246 621 est.

138 631 280 693 Tandem
301 647 402 696 contra
424 634 550 699 Gotthoe
570 658 665 699 senex
692 640 764 699 licet
785 650 816 701 et
842 641 993 702 bellorum
1013 644 1188 724 inexpertus
1209 650 1244 706 in

136 720 259 778 ltaliam
277 724 415 783 mittitur.
1238 794 1242 809 1

222 808 256 863 Ρ.
277 807 354 882 167,
378 812 429 873 12.
471 804 654 869 Eudaemon
673 808 837 890 frequenti
856 831 981 871 numero
996 814 1245 895 propinquorum

136 890 239 947 relicto
252 892 351 969 paulo
367 904 440 972 poet
461 895 626 953 intestatae
647 891 792 975 decessit]
815 898 907 957 euius
929 898 967 955 ob
987 896 1022 956 id
1043 902 1144 959 omnia
1164 900 1245 961 bona

135 976 319 1037 lastinianus
349 980 448 1057 rapuit
478 980 563 1038 nulla
593 978 697 1039 habita
725 982 965 1063 propinquorum
995 986 1127 1059 ratione,
1159 984 1244 1047 idem

134 1070 237 1119 narrat
265 1058 302 1120 de
324 1060 479 1144 Euphrate
506 1062 672 1141 Eunuch0;
701 1063 739 1125 de
764 1067 951 1127 Triboniano
979 1079 1010 1127 et
1035 1088 1076 1127 ex
1100 1069 1242 1151 Agathia,

135 1142 174 1203 de
200 1148 267 1205 aliis
290 1144 424 1209 diximus
446 1168 535 1227 supra
557 1147 647 1231 adp.
671 1150 723 1215 55.
766 1154 899 1211 lustinus
920 1155 1020 1213 iunior
1044 1163 1160 1216 tantam
1179 1177 1242 1217 uon

133 1231 204 1290 tulit
224 1234 382 1292 Iustiniani
402 1236 608 1315 impietatem,
630 1245 665 1293 ut
682 1235 828 1317 corippus
848 1238 968 1314 scribit,
990 1259 1096 1299 verum

578 1320 682 1379 aliena
697 1325 851 1401 pecunia,
872 1320 960 1402 dixit,

261 1398 433 1462 Reddenda
454 1416 514 1480 eet,
534 1407 624 1463 vivus
641 1410 731 1485 patri
752 1408 808 1488 qni
828 1406 966 1468 eubetitit
983 1408 1099 1489 haam,

189 1526 197 1559 .
259 1486 439 1631 jl'lreeoreroe
450 1487 532 1568 fidie
549 1492 692 1569 privatos
706 1493 792 1570 ferre
811 1494 964 1581 mirieteie
1030 1554 1051 1588 ⁸

279 1584 405 1649 mperat.

217 1656 351 1732 Ρ.157,
373 1658 424 1721 18.
464 1657 665 1741 Euphratae]
697 1661 744 1719 De
766 1680 826 1743 quo
846 1664 962 1723 mentio
983 1672 1029 1723 est
1049 1664 1073 1730 l.
1094 1664 1115 1727 8
1139 1660 1237 1725 histo-

131 1740 195 1799 riae
215 1760 276 1799 non
297 1742 387 1821 longe
408 1763 426 1802 a
446 1746 605 1824 principio.

215 1827 250 1884 Ρ.
273 1827 342 1901 158,
359 1830 391 1889 2.
434 1826 572 1907 irenaei]
601 1824 677 1887 Vide
697 1831 809 1909 Evagr.
831 1830 886 1889 lib.
906 1828 927 1895 4
948 1850 1014 1909 cap.
1036 1828 1058 1893 4
1079 1842 1110 1891 et
1130 1829 1236 1894 chron.

128 1908 298 1970 Alexandr.
320 1908 359 1969 ad
381 1914 569 1972 consulatum
592 1914 751 1972 iustiniani
774 1921 795 1979 8
817 1925 847 1973 et
868 1912 909 1974 ad
928 1916 1119 1975 consulatum
1141 1919 1236 1976 Lam-

129 1994 215 2076 padii
236 2006 266 2054 et
287 1998 414 2072 Orestis,
439 2009 469 2057 et
486 2001 612 2078 Procop.
634 1998 657 2055 l.
677 2004 693 2062 1
717 1998 788 2057 bell.
810 2002 895 2058 Pers.

216 2083 252 2139 Ρ.
276 2084 350 2155 158,
377 2086 425 2145 10.
471 2084 625 2161 Quartam
652 2080 796 2142 lraeredee
823 2084 983 2165 haberent]
1011 2085 1095 2163 Lege
1121 2086 1236 2146 novell.

129 2168 183 2231 38.
225 2168 402 2245 Anonymur
423 2171 455 2226 in
478 2166 581 2227 chron.
610 2172 721 2230 Δοκοῐν
743 2162 883 2248 εὔνομεῖν
901 2163 1108 2242 Ἰονοεενεανός
1136 2165 1156 2231 d
1181 2172 1237 2250 βο-

128 2245 231 2325 σελεείς
251 2247 402 2333 πράγματι
423 2252 567 2334 ἐπεχείρει
587 2248 849 2339 παρανομωτάτῳ,
870 2256 934 2317 τόν
953 2248 1012 2335 yde
1029 2246 1236 2317 τελευτώντων

127 2332 185 2411 τοὶς
207 2340 383 2418 περιουσίας
413 2332 470 2401 orie
492 2338 539 2401 είο
560 2344 760 2419 κληρονομεῖν
780 2334 851 2413 eoric
877 2338 911 2402 ie
938 2338 1058 2420 γένους,
1089 2333 1165 2401 titt
1184 2342 1236 2441 'egi

127 2422 265 2504 δημοσίῳ
293 2418 492 2506 προοοφοίρεζ
504 2467 513 2485 .
563 2423 757 2483 lastinianus
783 2424 949 2504 imperator
983 2426 1080 2505 specie
1102 2426 1234 2503 pietatee

126 2528 191 2565 rem
211 2509 441 2587 iniqnireimam
469 2529 634 2589 aggressae
662 2520 722 2580 eet,
750 2530 825 2567 nam
851 2506 1054 2568 haereditata
1072 2506 1234 2587 defuncto-

125 2613 199 2651 rum
223 2604 367 2672 cognatae
393 2589 482 2652 adire
503 2596 626 2651 minime
643 2594 800 2673 permitit,
832 2592 888 2653 eed
907 2594 990 2674 fieco
1018 2614 1071 2652 eae
1097 2591 1232 2659 addua.

125 2678 180 2737 Sic
194 2678 333 2737 Belisarii
353 2680 433 2738 bona
448 2682 602 2757 Augustae
624 2676 729 2738 domui
751 2680 897 2756 marinae,
917 2691 952 2739 ut
972 2688 1065 2760 'supra
1085 2676 1232 2757 din'mue,

126 2760 249 2822 addicta
270 2774 340 2823 runt
361 2783 379 2822 a
400 2766 577 2823 Iustiniana.

211 2850 247 2905 Ρ.
270 2851 339 2924 159,
361 2850 412 2911 12.
456 2848 650 2929 Maithanee]
674 2851 710 2907 In
731 2849 925 2928 inscriptione
944 2847 1082 2907 novellae
1103 2844 1167 2911 142
1186 2856 1233 2909 eet

124 2927 302 3021 Mapiidvp,
324 2936 355 2991 in
379 2934 505 3014 epistola
525 2936 694 3009 Iustiniani,
717 2944 747 2991 et
768 2935 841 2992 actis
863 2930 971 3013 synodi
990 2934 1232 3012 Mopsuestenae,

123 3018 310 3080 Marthanii.
354 3018 441 3077 Unde
459 3020 617 3099 colligitur,
635 3015 824 3077 Malthanem
842 3037 919 3077 anno
936 3020 1056 3097 imperii
1072 3018 1232 3076 lastiniani

124 3096 397 3185 vigesimaquarta
419 3105 574 3163 incilicia
595 3105 706 3180 luisse,
728 3124 801 3161 nam
815 3105 999 3184 Mopsuestia
1017 3099 1163 3182 oppidum
1184 3112 1231 3161 eet

123 3187 276 3249 secundae
297 3190 435 3263 Ciliciae,
457 3190 509 3247 ubi
531 3192 692 3249 concilium
713 3186 856 3248 adversus
873 3186 1070 3247 Theodorum
1092 3186 1228 3245 celebra-

122 3284 193 3333 tum
214 3284 275 3348 ert,
298 3264 347 3332 cui
368 3272 537 3334 Malthanes
558 3276 641 3335 iussu
663 3274 799 3333 Caesarie
819 3273 965 3333 interfuit.

209 3362 245 3420 P.
268 3360 347 3435 161,
374 3363 405 3425 6.
446 3362 571 3420 Priores
590 3360 728 3419 Romani
741 3356 911 3438 principer]
938 3360 984 3417 De
1005 3355 1136 3435 Augusti
1156 3374 1228 3415 cura

121 3440 182 3503 lsao
203 3464 294 3525 super
314 3464 346 3503 re
367 3444 435 3524 lege
456 3445 644 3505 Suetonium.
687 3446 777 3521 Pius,
798 3454 833 3502 ut
854 3444 1039 3524 capitolinus
1060 3444 1120 3516 ait,
1141 3440 1227 3499 oehi-

121 3530 280 3599 ceelarinm
300 3550 426 3589 aureum
453 3550 575 3589 summa
597 3529 763 3611 diligentia
787 3528 970 3589 sublevavit.
1011 3528 1156 3600 Severus,
1186 3534 1222 3585 ut
1238 3538 1265 3594 v
1279 3538 1334 3597 330

121 3615 227 3675 scribit
247 3615 439 3695 Spartianus,
466 3616 693 3675 vehicularium
712 3635 825 3673 manae
850 3634 873 3671 a
890 3615 1029 3694 privatio
1049 3608 1095 3670 ad
1110 3610 1228 3690 fieceem

121 3698 274 3759 traduxit.
317 3704 514 3779 Imperatores
535 3704 594 3781 ipsi
615 3702 732 3774 Caesar,
753 3701 843 3774 Nero,
867 3708 898 3757 et
918 3699 970 3757 alii
990 3717 1046 3779 per
1066 3693 1225 3776 dispositos

122 3805 217 3867 equos
238 3786 287 3843 vel
308 3784 456 3845 vehiculis
477 3805 512 3845 ac
531 3783 633 3845 rhedis
648 3804 742 3865 prope
762 3780 934 3842 incredibili
949 3783 1099 3843 celeritate
1116 3784 1225 3841 itinera
1241 3795 1266 3850 Α
1282 3793 1334 3853 112

119 3872 299 3949 longissima
321 3874 437 3931 emensi
458 3881 538 3930 sunt.
580 3868 657 3932 Vide
678 3870 746 3930 Vel.
768 3871 853 3929 Max.
874 3869 935 3935 l.5
957 3888 983 3928 ο.
1005 3868 1037 3932 5.
1057 3867 1137 3926 Plin.
1159 3868 1224 3933 1.7

121 3976 150 4015 ο.
172 3958 204 4023 6.
229 3955 381 4015 Plutarch.
404 3960 436 4015 in
458 3958 543 4015 Caes.
764 3950 767 3956 ’
1137 3950 1140 3956 ’

204 4042 240 4099 Ρ.
264 4042 342 4119 161,
364 4046 396 4106 7.
446 4042 486 4101 Ut
505 4060 599 4122 quam
617 4038 768 4099 celerrime
787 4058 823 4096 ex
842 4038 967 4096 nunciis
994 4034 1222 4115 cognoscerent]

120 4124 284 4187 Suetonius
306 4129 339 4185 in
360 4130 497 4207 Augusto
519 4123 646 4185 eandem
668 4124 849 4184 sententiam
869 4125 914 4182 sic
934 4122 1053 4181 extulit.
1096 4124 1140 4181 Et
1160 4142 1222 4200 quo

119 4212 261 4289 celerina,
291 4232 330 4285 ac
349 4212 407 4271 ereb
429 4234 555 4273 manum
575 4212 764 4271 annunciari
787 4208 986 4289 cognoscique
1000 4207 1118 4286 poerit,
1147 4200 1226 4285 quid

118 4298 153 4357 in
169 4299 335 4377 provincia
356 4318 477 4381 qnoque
497 4306 649 4381 gereretur
653 4338 665 4376 ,
695 4298 818 4359 iuvenes
839 4296 944 4375 primo
969 4290 1100 4354 modicia
1126 4291 1223 4351 inien-

162 4388 305 4462 nmptn
326 4389 383 4449 tn.
970 4378 1016 4441 ao
