2959 4792
505 280 651 352 NOTAE
673 278 898 353 susumus.
1174 274 1253 356 45⁷

149 446 367 511 volumino'ex
388 446 546 509 cortiu'bus
570 448 711 509 arborum
731 450 775 508 ita
795 449 876 529 legi3
899 468 954 529 ego
975 446 1130 509 Romulus
1155 448 1193 513 V.
1217 449 1253 511 0.

149 536 344 594 silentiarius
368 534 420 593 Iris
447 537 658 593 instrumentis
687 540 791 594 testie·
802 534 980 614 subscripsi.
1023 536 1101 594 Cum
1114 537 1255 596 'Zonaras

148 638 222 700 ergo
242 622 425 701 χαμαίζηλοι
445 616 564 701 ἀξίωμα
586 618 674 696 dixit,
699 620 739 681 ad
758 621 927 699 praefectos
946 620 1029 681 urbis
1051 632 1082 679 et
1101 623 1254 701 praetorii,

147 708 349 787 patriciosque
376 717 406 764 et
426 716 596 783 senatores,
625 717 657 765 et
683 704 859 765 hrriusmodi
884 708 1053 785 superiores
1074 705 1184 785 gradus
1204 727 1257 765 re-

147 794 267 871 spexit3
297 794 374 850 iuter
394 808 471 871 quos
495 801 599 850 tamen
618 811 778 851 numerare
799 794 980 851 silentiarios
1000 789 1172 851 Dorotheus
1192 810 1257 850 non

148 874 297 935 dubitavit
319 874 398 936 doct.
421 877 474 939 23.
503 872 559 955 τὴν
581 871 763 959 σύγκλητον,
783 873 857 951 τούς
874 877 1068 956 πατρικίους,
1090 871 1256 957 noctuis}-

145 984 211 1039 τας,
231 954 397 1045 ὖπᾶρχους,
420 962 646 1043 σίλενιιιιρίους,
667 960 727 1027 εἰσὶ
744 956 802 1046 γιῖρ
819 952 908 1024 αὗται
927 954 1089 1043 πολύτιμοι
1110 962 1254 1047 στραιιαί.

146 1048 309 1121 Senatum,
328 1048 496 1127 patricios,
522 1046 695 1127 praefectos
700 1091 711 1127 ,
732 1048 938 1124 silentiarios,
961 1068 1039 1128 quoe
1060 1068 1162 1107 omues
1182 1056 1256 1108 sunt

143 1130 377 1193 honestissimae
399 1133 538 1192 miiitiae.

230 1220 268 1277 P.
293 1220 368 1292 137,
390 1213 421 1280 4.
465 1214 526 1277 Sui
539 1216 639 1295 plura
660 1214 697 1277 de
716 1216 768 1276 isis
791 1214 913 1277 adhoc
939 1238 1034 1276 uuum
1056 1226 1150 1296 caput
1170 1237 1256 1277 revo-

89 1348 93 1355 .
146 1302 262 1383 umus]
292 1304 373 1375 Quae
394 1304 559 1383 Procopius
579 1303 791 1383 praetermittit
812 1304 880 1383 lege
902 1301 984 1383 apud
1004 1300 1168 1382 Agathiam
1189 1304 1211 1361 l.
1233 1302 1255 1369 6

146 1399 305 1463 extrem03
326 1386 397 1447 licet
420 1398 450 1446 et
469 1390 521 1446 illa
544 1408 621 1469 quae
641 1391 793 1468 praeterit,
816 1386 933 1448 duobus
949 1388 1049 1448 verbis
1071 1390 1254 1469 complecta:
1271 1388 1295 1443 P
1311 1387 1365 1445 166

145 1484 208 1533 tur.
249 1468 399 1554 περιειὸρα
418 1466 626 1549 Ἰαυστινιανὸς
652 1469 705 1549 τὰς
727 1468 826 1549 τάξεις
847 1472 1121 1555 διαφθειρομένας,
1150 1471 1193 1547 εἰς
1214 1469 1253 1557 δὴ
1309 1490 1314 1498 ’

145 1552 182 1621 τὸ
202 1554 308 1621 λοιπόν
333 1552 443 1637 ἥκιστά
463 1580 498 1637 ys
519 1551 622 1621 siccis
642 1553 913 1639 προσδεησόμενος.
955 1560 1149 1618 Militurium
1169 1557 1257 1617 ordi-

144 1664 220 1704 num
242 1646 368 1703 exitium
386 1654 414 1701 et
434 1644 638 1723 corruptelam
654 1643 782 1724 perinde
797 1642 993 1703 lastinianus
1013 1644 1196 1724 negligebat,
1218 1664 1257 1704 ac

144 1731 177 1789 si
196 1750 356 1809 uunquam
378 1730 411 1787 iu
427 1739 587 1810 posterum
607 1730 658 1787 ilii
675 1730 785 1805 futuri
803 1731 865 1789 sibi
886 1740 997 1805 esseni,
1018 1730 1190 1790 necessarii.

231 1817 267 1875 Ρ.
284 1814 354 1887 137,
375 1818 425 1877 10.
466 1816 543 1874 Duo
560 1816 625 1872 ium
647 1824 675 1871 et
695 1816 828 1895 triginta
849 1824 1010 1875 excurrunt
1030 1813 1119 1894 unus]
1139 1817 1266 1894 Iterum¹

145 1917 184 1959 nc
203 1901 292 1959 tertio
313 1898 397 1958 idem
417 1899 450 1956 iu
470 1897 529 1957 huc
549 1897 674 1959 historie
695 1903 814 1980 repetit.
856 1902 1023 1980 Imperium
1044 1910 1146 1958 autem
1161 1902 1256 1958 Iusti-

144 1988 232 2044 niani
253 1982 428 2065 perduravit
447 2003 559 2043 novem
581 1994 611 2043 et
630 1987 754 2064 triginta
769 1996 850 2045 totos
871 2004 976 2061 anuos,
997 1988 1040 2043 ita
1060 1995 1096 2042 ut
1116 1995 1256 2044 extremo

146 2070 214 2130 eius
235 2090 313 2129 auno
335 2073 443 2129 Nurses
464 2080 589 2149 pontem
610 2070 761 2129 Salarium
780 2072 869 2129 tertio
897 2070 935 2128 ab
955 2070 1030 2128 urbe
1051 2068 1152 2148 lapide
1174 2070 1258 2128 reie-

146 2156 233 2214 cerit.
276 2155 327 2216 Sic
354 2157 437 2213 enim
456 2154 501 2213 ibi
522 2156 663 2239 legimus.
705 2158 902 2214 lurrasuru.
925 2156 957 2214 ἦ.
976 2155 1007 2214 ἰ.
1029 2172 1181 2215 russraso.
1203 2172 1256 2214 sc.

146 2258 336 2301 uaruuraur.
360 2258 492 2299 scursa.
514 2258 710 2301 ιυετιιιιιιιο.
732 2259 779 2301 rr.
801 2257 876 2300 sno.
893 2258 966 2299 suu.
987 2257 1149 2300 murm.
1191 2242 1256 2300 llos

146 2344 243 2385 annos
257 2326 458 2386 Iustinianum
478 2328 612 2405 integros
635 2327 773 2406 exegisse
793 2335 920 2385 testatur
939 2326 1062 2385 illorum
1082 2333 1255 2405 temporum

145 2414 276 2491 scriptor
291 2414 419 2471 loannes
433 2409 666 2491 Epiplunieusis
686 2410 893 2486 scholasticus,
916 2430 1007 2492 quem
1028 2413 1176 2489 Euagrius
1197 2410 1255 2474 1.5

146 2508 286 2555 extremo
313 2500 411 2555 civem
436 2516 527 2555 suum
553 2508 644 2578 atque
673 2507 835 2577 cognatum
858 2498 1006 2557 nominat.
1047 2490 1262 2570 'lovcesssuvie

145 2578 289 2665 βασιλεΰς
316 2579 404 2644 ἐννέα
424 2580 476 2645 stri
503 2578 665 2660 uotiuum
685 2589 749 2657 τοῖς
774 2586 869 2645 πᾶσιν
891 2580 967 2645 ἔτεσι
985 2580 1140 2662 Ῥωμαίων
1162 2578 1257 2659 ἄρξας
1360 2612 1363 2617 ·

145 2661 285 2731 inierim
312 2662 363 2730 civ
392 2666 471 2747 βίον.
520 2668 718 2727 Iustiniauus
744 2670 909 2748 imperator
934 2687 1039 2726 novem
1067 2676 1095 2723 et
1121 2668 1255 2746 triginta

145 2754 282 2833 integros
303 2772 402 2811 anuos
422 2772 493 2811 cum
507 2752 683 2812 Romanum
704 2755 867 2831 imperium
883 2755 1021 2830 tenuerit,
1041 2753 1108 2811 vitu
1124 2753 1256 2827 functus

146 2849 202 2903 est.
244 2834 332 2897 Unde
348 2840 513 2913 Zonaram,
537 2835 699 2898 chronicon
719 2837 979 2913 Alexandrinum,
1001 2838 1137 2917 aliosque
1159 2839 1255 2895 corri-

145 2942 213 3004 gas.
254 2925 368 2982 Verum
398 2942 468 2981 cum
488 2920 592 2983 Idibus
612 2924 791 2984 Novembris
820 2921 903 2982 diem
922 2924 1106 2981 iustinianus
1134 2922 1253 2997 obierit,

146 3007 188 3069 nd
205 3010 393 3087 trigesimum
411 3026 527 3067 nouum
545 3028 658 3068 aunum
676 3019 794 3088 septem
810 3018 965 3088 praeterea
979 3027 1110 3081 meuses,
1133 3025 1167 3063 ac
1186 3004 1252 3066 dies

24 3150 28 3159 .
145 3092 294 3155 tredecim
320 3090 468 3153 addamus
494 3105 621 3174 oportet.
664 3098 742 3153 Nam
770 3096 843 3152 anni
870 3095 990 3172 imperii
1011 3093 1169 3152 iustiniani
1192 3111 1253 3150 nu-

144 3178 286 3239 merandi
315 3190 386 3238 suut
410 3198 428 3237 a
456 3177 588 3239 calendis
609 3182 723 3259 Aprilis
751 3180 924 3239 consulatus
944 3179 1101 3252 Mabortii,
1131 3175 1255 3258 quando

145 3266 258 3325 caesar
293 3272 323 3323 et
357 3266 477 3343 imperii
510 3266 626 3345 collega
655 3284 673 3324 a
701 3269 817 3325 lustiuo
849 3266 1042 3323 renunciatus
1073 3273 1135 3337 est,
1171 3258 1255 3343 quod

145 3370 209 3410 nou
230 3351 330 3409 solum
351 3349 543 3409 Marcellinus
566 3370 684 3426 comes,
707 3363 738 3410 et
757 3353 905 3430 Euagrius
925 3348 1065 3424 tradunt,
1087 3346 1254 3407 sedetiam

145 3436 279 3517 cyrillus
301 3432 567 3514 scythopolitanus
587 3438 747 3496 Iustiniani
769 3437 919 3517 aequalis,
945 3438 999 3517 qui
1018 3454 1099 3493 anno
1120 3430 1254 3493 secundo

145 3531 217 3603 post
243 3522 432 3581 consulatum
452 3519 612 3601 Lampadii
641 3532 672 3581 et
693 3524 805 3582 Orestis
832 3530 956 3580 sextum
981 3521 1141 3580 Iustiniani
1168 3538 1255 3578 com-

146 3616 244 3687 putat.
287 3608 356 3685 lpse
381 3608 564 3666 Iustiniauus
590 3608 711 3665 novella
730 3606 773 3672 47
801 3608 923 3686 imperii
951 3608 1001 3665 sui
1022 3625 1136 3664 anuum
1155 3602 1257 3663 uude-

147 3694 263 3751 cimum
290 3694 324 3749 in
351 3690 519 3751 secundum
539 3693 575 3751 P.
598 3692 632 3750 0.
652 3694 793 3751 Belisarii
815 3710 929 3750 anuum
951 3688 1083 3750 incidere
1106 3690 1255 3763 affirmat3

146 3778 344 3858 publicasque
366 3780 431 3836 eius
452 3780 524 3835 anui
545 3776 663 3837 tabulas
686 3780 729 3837 ita
749 3778 848 3837 notari
872 3776 966 3836 iubet.
1008 3775 1134 3855 Imperii
1155 3776 1257 3836 lusti·

146 3862 238 3923 rsiaui
258 3859 453 3935 divinissimi
473 3861 629 3941 Augusti,
656 3875 685 3922 et
711 3863 906 3942 inperatoris
927 3882 1009 3920 cuno
1037 3859 1196 3920 undecimo
1217 3863 1257 3922 P.

151 3947 185 4009 0.
207 3947 272 4009 Fi.
294 3946 447 4007 Belisurii
471 3947 509 4008 V.
531 3948 619 4007 INL.
647 3968 728 4007 armo
756 3944 903 4007 seeundo.
947 3948 1028 4024 Ergo
1054 3944 1094 4005 sd
1124 3945 1257 4028 quadra-

147 4034 299 4113 gesimum
323 4052 437 4092 anuum
464 4035 584 4115 imperii
610 4035 770 4093 Iustiniani
791 4032 952 4093 defuerunt
971 4052 1092 4093 meuses
1114 4044 1255 4115 quotuor,

146 4116 213 4179 dies
235 4116 341 4177 decem
362 4128 392 4177 st
413 4128 540 4200 septem.

232 4206 268 4261 F·
292 4205 370 4279 137,
393 4202 444 4268 11.
486 4206 549 4265 Suo
572 4205 686 4284 quique
706 4204 740 4263 iu
768 4199 876 4261 ordine
897 4213 1042 4282 perpetuo
1068 4198 1253 4279 succedunt]

147 4290 194 4350 De
211 4288 331 4351 Asterio
348 4290 446 4351 scriba
466 4293 656 4375 praetoriano
667 4290 816 4373 synesius
837 4290 926 4373 epist.
938 4290 991 4355 61.
1011 4289 1068 4370 τῆς
1088 4286 1295 4370 συρμαραιςΑ
1312 4288 1364 4344 1⁰6
