2959 4792
232 245 306 316 382
579 241 625 312 lli
649 241 760 314 alst.
784 243 983 314 tactam

231 412 288 490 qui
310 411 551 474 ranunculum
570 422 680 473 vestem
700 407 878 490 induerent,
908 415 966 496 qai
991 423 1021 474 et
1037 413 1167 474 Prasiai
1193 434 1215 472 c
1240 412 1341 473 colore

229 517 334 556 nuncu
356 500 412 562 ati.

275 597 281 610 ·
314 519 354 641 ΡΙ.)
367 581 417 658 64,
434 585 466 646 9.
509 581 616 644 Morbo
632 582 830 644 lastiniam
850 583 1030 664 urgebatur]
1055 584 1157 642 Cmris
1179 580 1339 640 affectione

228 669 407 748 gravissime
427 668 595 744 laboravit3
626 673 710 729 omui
738 672 855 729 abiecta
875 691 929 751 spe
950 673 1069 732 salutis.
1111 671 1158 727 De
1180 665 1239 726 hac
1260 669 1339 725 Pro-

135 759 211 817 ΛΜ
230 757 353 832 cupium
373 753 542 832 intelligere
564 767 680 814 certum
702 765 748 815 est
773 775 815 815 ex
842 758 880 816 iis
903 776 980 836 quae
1001 753 1122 829 subdit,
1154 755 1232 812 miro
1260 773 1338 810 casa
1444 805 1448 812 .

228 843 443 916 imperatorem
464 840 665 919 convaluisse,
686 861 798 921 nempe
819 840 961 900 adhibitis
980 851 1152 901 sanctorum
1168 848 1338 917 martyrum

228 926 383 1004 reliquiis,
415 943 489 1006 quas
520 923 613 984 effodi
639 929 780 1006 contigit,
812 925 886 986 dmn
915 937 1035 986 sanctae
1054 928 1159 984 Irenae
1185 924 1338 1002 templmn

228 1011 461 1068 instaurabatur.
511 1011 589 1068 Rem
618 1021 713 1070 totam
748 1015 815 1092 ipse
848 1014 1019 1072 luculenter
1050 1012 1243 1091 prosequitur
1269 1009 1293 1066 l.
1317 1015 1332 1071 1

231 1094 324 1154 aedile
367 1097 449 1153 liaeo
469 1096 628 1154 iustiniani
650 1099 814 1176 aegrotatio
835 1095 942 1156 incidit
961 1101 995 1156 in
1015 1116 1130 1156 annum
1151 1098 1269 1154 circiter
1289 1096 1339 1150 vi-

231 1183 383 1260 gesimum
404 1183 535 1255 tertium,
556 1183 608 1241 vel
623 1193 766 1262 quartum
789 1185 854 1242 eius
876 1185 1015 1262 irnperii3
1036 1201 1109 1240 nam
1130 1200 1209 1246 anno
1231 1182 1339 1259 quinto

232 1277 264 1325 et
284 1269 442 1344 vigesimo,
465 1286 570 1326 mense
592 1267 788 1346 Septembre,
809 1267 972 1328 indictione
997 1267 1114 1327 decima
1135 1270 1240 1348 quinta
1260 1261 1340 1322 illud

232 1363 353 1410 sanctae
373 1355 478 1410 Irenae
500 1353 650 1432 templum
672 1351 845 1412 dedicatum
865 1355 940 1429 fuit3
961 1363 997 1412 ut
1017 1350 1222 1432 Theophanes
1243 1359 1339 1409 notat.

137 1445 142 1456 ⁴
231 1435 397 1498 Theodora
418 1457 509 1496 suum
529 1440 592 1496 iam
613 1436 697 1496 diem
717 1441 849 1514 obierat,
875 1458 968 1520 quare
988 1440 1048 1498 alia
1068 1439 1158 1518 plane
1179 1436 1340 1495 Iustiniani

232 1519 309 1581 haec
331 1534 377 1582 est
397 1520 538 1581 valemdo
560 1523 597 1581 ab
620 1543 671 1598 ea,
699 1522 737 1582 de
759 1543 820 1604 qua
840 1544 931 1605 supra
952 1527 1115 1603 Procopius
1137 1525 1238 1602 p.16.
1281 1524 1340 1579 Al·

232 1627 293 1689 que
316 1609 375 1666 alia
395 1609 488 1666 etiam
501 1608 635 1668 torinneio
659 1619 704 1666 est
726 1628 745 1666 a
768 1629 828 1690 qua
848 1611 992 1670 liberatus
1012 1610 1071 1668 fuit
1087 1629 1144 1688 ope
1165 1616 1341 1667 sanctorum

231 1695 359 1752 (losanae
381 1701 412 1749 et
428 1694 586 1769 Damiani,
616 1695 724 1774 quibus
747 1705 779 1752 et
798 1696 949 1775 templmn
968 1715 1009 1753 ex
1029 1705 1101 1756 voto
1123 1695 1282 1767 excitavit,
1304 1703 1341 1750 ut

233 1777 342 1836 eodem
368 1778 445 1836 libro
472 1775 564 1836 aedil.
592 1781 690 1858 primo
718 1791 829 1839 narrat.
872 1783 943 1840 Alia
962 1779 1070 1840 itidem
1096 1781 1152 1839 illa
1181 1777 1339 1860 δυσουρία,

233 1861 394 1922 fflfficultas
415 1864 531 1940 urinae,
552 1883 646 1944 quam
667 1868 796 1923 removit
818 1885 898 1946 aqua
918 1870 972 1944 τῆς
993 1861 1155 1946 ζωηφόρου
1174 1867 1284 1945 πηγῆς,
1304 1873 1342 1920 ut

230 1959 340 2008 vocant
357 1950 512 2027 Byzantii,
542 1949 663 2028 vivifici
680 1952 803 2027 fontis.-
831 1950 871 2008 ad
894 1970 987 2032 quem
1010 1949 1151 2030 deiparae
1177 1950 1342 2008 liberatrici

232 2034 341 2092 aedem
362 2032 530 2109 dedicavit,
553 2045 587 2094 ut
607 2034 794 2115 Nicephorus
815 2037 934 2096 Callisti
954 2037 1047 2096 refert
1066 2040 1098 2094 in
1120 2035 1219 2096 officio
1240 2035 1342 2093 eccle·

230 2123 351 2180 siastico
372 2119 466 2178 seriae
488 2121 610 2200 quintae
633 2125 688 2201 τῆς
709 2123 953 2202 διακαινησδμου.
996 2125 1142 2195 Quintum
1154 2124 1340 2180 lastinianus

230 2207 396 2285 aegrotavit
416 2215 486 2284 post
507 2203 640 2265 reditum
661 2205 834 2282 eThraoia,
857 2227 918 2288 quo
939 2205 980 2266 ad
996 2210 1245 2267 restaurationem
1266 2225 1341 2263 mu-

230 2311 343 2364 rorum,
367 2310 443 2371 quos
462 2291 571 2370 longos
592 2291 755 2372 appellant,
777 2294 965 2372 perrexerit:
987 2313 1098 2374 nempe
1119 2311 1198 2351 anno
1219 2294 1341 2370 imperii

229 2379 386 2455 trigesimo
409 2385 530 2457 quarto,
552 2381 641 2436 nonis
663 2377 864 2457 Septembris,
885 2377 1050 2438 indictione
1070 2397 1161 2437 nona.
1204 2380 1256 2435 Ex
1276 2378 1342 2435 ire·

231 2462 393 2542 quentibus
433 2461 546 2520 morbis
585 2461 687 2523 divino
724 2461 875 2543 praesidio
912 2466 1113 2522 lastinianum
1150 2465 1342 2522 convaluisse

232 2547 346 2606 Paulae
363 2545 552 2606 Silentiarius
573 2549 605 2604 in
623 2547 700 2608 libro
723 2548 762 2607 de
782 2551 903 2608 unctae
919 2547 1053 2630 Sophiae
1072 2551 1188 2630 templo
1207 2546 1340 2607 iudicat:

442 2627 518 2694 ὅθεν
539 2627 652 2706 νόσους
672 2631 728 2714 μὲν
749 2631 971 2717 διαδιδράσκεις
988 2628 1132 2709 ευίιόλως.

233 2713 310 2777 Vide
331 2713 568 2795 Theophanem,
591 2728 621 2776 et
642 2717 697 2778 has
718 2729 805 2778 notas
828 2719 920 2799 adp.
944 2724 994 2784 16.

318 2801 354 2858 P·
376 2799 426 2876 64,
452 2804 501 2864 14.
542 2802 687 2863 Absentia
710 2803 864 2884 Caesarie]
895 2807 1067 2865 secesserat
1085 2804 1268 2862 lastinianus
1289 2803 1343 2860 vel

234 2885 268 2944 in
289 2885 493 2946 suburbanum
512 2891 672 2964 Heraeum,
701 2887 739 2948 de
761 2909 822 2970 qno
843 2890 921 2948 inira
943 2911 974 2970 p.
985 2895 1037 2963 70,
1056 2887 1097 2948 ad
1118 2891 1211 2948 cruris
1234 2889 1343 2946 vitium

235 2969 418 3046 curandam,
446 2973 496 3032 vel
515 2975 549 3031 in
571 2974 744 3054 Sycanum,
765 2976 820 3033 abi
838 2985 905 3035 tum
925 2985 1045 3036 sanctae
1065 2978 1170 3034 Irenae
1189 2972 1343 3053 templum

236 3058 478 3135 construebatur,
505 3057 681 3142 ibidemque
702 3061 829 3122 fortasse
853 3071 1012 3120 veneratus
1040 3071 1085 3121 est
1110 3059 1271 3139 reliquias,
1301 3057 1342 3116 de

234 3143 344 3221 quibus
373 3141 463 3202 modo
493 3141 640 3204 dicebam.
691 3145 790 3226 Saepe
819 3148 903 3205 venit
934 3143 1173 3219 Calchedonem,
1201 3154 1232 3201 et
1260 3162 1342 3202 anno

233 3229 332 3306 primo
352 3238 382 3286 et
406 3228 537 3290 secundo
561 3229 673 3290 diutius
694 3231 738 3290 ihi
760 3242 959 3292 commoratus
981 3242 1042 3306 est,
1074 3239 1108 3290 ut
1128 3229 1342 3310 expletisque

234 3315 300 3371 eius
330 3315 591 3375 constitutionibus
618 3325 719 3396 patet,
741 3316 871 3396 'longius
901 3327 1004 3376 autem
1032 3317 1070 3374 ab
1096 3315 1170 3374 urbe
1191 3317 1342 3394 Byzantio

233 3396 275 3456 ad
310 3400 456 3458 orientem
488 3419 555 3460 raro
585 3400 740 3476 discessit,
777 3403 873 3462 wmel
902 3421 982 3462 anno
1009 3403 1165 3482 trigesimo
1195 3397 1342 3476 secundo,

234 3501 303 3541 cum
325 3486 358 3541 in
378 3485 580 3564 Selymbriam
606 3484 646 3545 ad
673 3486 849 3548 excitandos
873 3507 976 3548 muros
997 3489 1106 3568 longos
1130 3495 1228 3545 terrae
1254 3495 1343 3546 motu

233 3569 399 3648 collapsos,
428 3579 458 3628 et
479 3569 644 3652 abigendos
665 3572 822 3649 barbaros,
844 3576 898 3655 qai
915 3571 988 3632 inde
1011 3575 1046 3631 in
1065 3569 1230 3632 Thraciam
1251 3573 1343 3630 inva-

232 3664 343 3712 serant.
386 3657 486 3735 Atque
507 3661 618 3716 iterum
639 3677 717 3716 anno
738 3661 894 3738 trigesimo
915 3661 1054 3740 septimo,
1075 3677 1180 3716 mense
1201 3656 1342 3732 octobre,

231 3737 614 3819 indictione'duodecima,
644 3740 684 3800 ad
707 3745 911 3824 Myriangelos
940 3745 1119 3825 (perperam
1139 3743 1343 3821 Idgsraagoloa

231 3825 265 3880 in
286 3822 410 3884 historia
430 3827 580 3906 miscella)
610 3827 753 3903 honest,
783 3832 921 3889 Germios
941 3833 974 3889 in
995 3831 1114 3888 Galatia
1133 3829 1289 3906 religionis
1309 3836 1343 3884 et

233 3911 375 3968 orationis
404 3929 511 3988 causa3
541 3911 757 3993 Theophanes.
800 3918 836 3973 ln
860 3915 980 3974 ltaliam
1007 3916 1143 3990 venisse,
1174 3916 1255 3971 cives
1276 3913 1343 3970 lla-

232 4003 376 4054 vennates
403 3992 487 4055 haud
512 3999 638 4077 probare
666 4011 812 4079 possant3
843 4001 901 4060 etsi
927 3998 1110 4059 dedicationi
1136 3999 1283 4057 ecclesiae
1303 3997 1340 4056 S.

233 4079 340 4138 Vitalis
360 4079 560 4141 lastinianum
581 4104 651 4144 cum
672 4083 835 4146 Theodora
861 4084 985 4144 credant
1009 4084 1201 4160 interfuisse,
1227 4101 1341 4161 nempe

233 4181 313 4220 anuo
335 4174 403 4240 post
425 4170 613 4228 consmatum
633 4171 740 4229 Basilii
760 4182 863 4247 sexto,
892 4167 1055 4230 indictione
1077 4167 1211 4243 decima,
1234 4175 1269 4226 ut
1290 4187 1342 4226 re·

232 4247 292 4306 fert
305 4249 507 4331 Hieronymus
521 4254 643 4316 liubans
664 4255 687 4315 l.
701 4255 734 4319 3.
775 4260 853 4317 Nam
865 4253 1031 4319 Theodora
1044 4253 1153 4317 eodem
1172 4255 1226 4315 illo
1248 4271 1342 4332 anno,
