2959 4792
496 246 642 317 norm
663 246 888 329 munaum
1172 246 1249 323 4⁵5

144 412 194 471 lle
221 428 282 492 qus
309 410 435 484 Graecia
462 408 556 477 diuet
588 416 669 476 Num
696 412 734 473 de
764 425 827 475 tota
853 414 909 473 ille
936 412 1018 489 orbis
1043 424 1144 495 perte,
1171 433 1250 497 quae

93 503 104 520 ⁸
146 498 261 558 Graece
288 496 436 579 loquitur,
463 518 502 557 an
524 497 562 557 de
585 518 639 574 ee,
667 502 799 582 inqua,
827 512 860 559 ut
880 499 1058 561 Aristoteles
1080 506 1097 567 1
1123 512 1250 563 meteor.

147 603 215 663 csp.
244 583 300 641 ult.
327 586 384 658 ait,
413 580 513 667 ᾤκουν
540 584 574 648 oi
599 584 721 663 Σελλοὶ,
751 586 805 649 uui
832 585 865 651 οί
890 581 1074 667 καλούμενοι
1100 581 1167 650 τότε
1194 584 1250 668 μὲν

147 666 283 749 Γραικοὶ,
303 673 363 731 viv
386 666 418 731 δὲ
430 666 583 749 Ἓλληνες,
605 670 790 731 habitabant
811 672 895 742 Selii,
914 683 943 729 et
963 674 1018 752 qui
1039 673 1113 730 olim
1128 674 1251 753 Graeci,

147 774 230 813 nuno
249 775 319 811 vero
341 754 484 814 Hellener
503 756 678 815 vocantur?
703 760 822 818 Horum
841 758 917 817 fines
936 760 1024 837 ponit
1039 758 1251 819 Constantinus

146 837 295 919 Porphyr.
317 839 339 898 l.
364 845 379 904 1
409 837 505 901 them.
529 846 569 905 17
595 838 668 900 hinc
688 842 826 918 Sestum,
847 842 1010 921 Abydum,
1039 854 1070 901 et
1089 845 1255 923 Ριοροιιιί-Ι

147 922 237 997 dem3
259 922 330 984 iude
351 946 422 985 vero
444 928 587 1007 Cyzicum
606 937 636 985 ct
658 929 822 987 Granicum
841 929 976 989 flurium.
1020 930 1202 988 Graecorum
1222 940 1261 997 et,

147 1010 291 1069 Graeciae
319 1014 442 1070 nomine
472 1031 556 1087 roro,
584 1014 637 1072 rel
661 1029 821 1094 nunquam
847 1024 963 1074 veteres
989 1024 1108 1074 autores
1135 1016 1261 1090 Graeci„

146 1095 320 1175 frequenter
336 1098 465 1155 Romani
481 1100 530 1157 usi
547 1108 633 1171 sunt3
655 1101 765 1159 seculis
782 1100 996 1179 posterioribus
1017 1102 1108 1160 etiam
1128 1101 1176 1157 illi
1196 1120 1254 1159 vo-

147 1200 216 1237 cem
236 1192 428 1258 usurparunt,
448 1192 479 1241 et
498 1185 656 1243 universae
678 1202 757 1265 quae
774 1186 886 1243 Graece
902 1186 1076 1266 loqueretur
1095 1187 1178 1263 genti
1198 1205 1252 1243 nc·

147 1264 393 1341 commodarunt,
421 1278 455 1326 ut
483 1279 529 1329 est
557 1268 638 1348 apud
659 1272 812 1330 lulianum
827 1275 1022 1350 Apostatam,
1050 1269 1252 1346 Athenaeum,
1305 1296 1309 1301 ·

147 1350 347 1411 Theodorum
369 1352 522 1413 Studitam
549 1354 582 1412 in
613 1358 768 1435 epistolis,
790 1366 821 1415 et
840 1358 928 1416 alios.
970 1357 1022 1417 sto
1043 1354 1254 1435 accipiendum

147 1433 199 1495 hic
220 1437 354 1498 arbitror.
396 1439 437 1497 Et
457 1436 515 1498 hoc
536 1458 626 1498 sensu
648 1444 781 1521 primum
802 1443 961 1507 Iustiniani
982 1452 1119 1521 tempore
1140 1445 1255 1501 Roma-

147 1540 224 1579 num
249 1525 412 1602 imperium
440 1524 622 1585 Graecorum
651 1526 710 1585 dici
737 1529 899 1605 imperium
927 1529 1026 1607 coepit
1054 1546 1072 1585 a
1098 1529 1254 1601 Romanis,

148 1606 233 1687 quod
270 1610 335 1667 eius
373 1611 470 1687 gentis
504 1608 740 1677 dominationem
777 1623 808 1671 et
842 1614 956 1672 fastum
986 1610 1255 1676 stomacharentur.

147 1696 253 1753 Auara.
275 1692 415 1753 biblioth.

233 1780 270 1835 P.
293 1779 369 1852 134,
393 1780 444 1843 12.
486 1775 670 1859 Alexander,
691 1781 748 1858 qui
768 1800 801 1839 aa
821 1783 952 1841 οινιοίίον
971 1783 1086 1840 mirsus
1108 1780 1170 1861 ert]
1197 1780 1256 1839 llio

148 1862 325 1923 Alexander
345 1873 389 1921 est
402 1862 576 1939 Psallidius,
598 1867 662 1923 sive
675 1865 834 1943 Forficula,
855 1865 893 1925 de
914 1886 974 1946 quo
987 1868 1068 1925 infra
1079 1869 1255 1947 Procopius,

148 1959 180 2009 et
203 1950 270 2007 fuae
292 1968 327 2007 ao
349 1949 443 2007 libere
465 1947 503 2006 de
532 1952 596 2007 eius
617 1951 752 2011 moribus
778 1952 800 2009 1.
822 1957 843 2017 3
866 1952 938 2011 bell.
960 1950 1063 2011 Gotth.
1082 1954 1186 2027 initio,
1215 1951 1255 2009 ab

149 2036 247 2095 accim
267 2044 389 2093 moneta
412 2045 441 2095 et
459 2032 562 2094 forfice
584 2032 709 2095 detonsa
733 2036 829 2114 vulgo,
843 2036 993 2097 Forficula
1013 2047 1147 2098 vocatus.

234 2120 271 2177 Ρ.
287 2118 359 2194 135,
381 2124 412 2184 6.
454 2118 659 2199 Limitaneor]
681 2122 823 2180 Zosimus
844 2122 866 2178 l.
888 2124 911 2183 2
934 2141 951 2178 a
971 2122 1166 2188 Constantino
1187 2138 1257 2177 ma-
1274 2138 1292 2156 ⁸

149 2222 211 2283 gno
239 2204 464 2263 limitaneorum
492 2224 654 2263 numerum
681 2204 867 2265 diminutum
894 2207 988 2266 fuisse
1002 2217 1131 2265 'narrat
1173 2208 1257 2285 Lege

150 2308 231 2371 qnae
250 2291 342 2368 paulo
357 2300 427 2349 aute
448 2292 619 2349 notavimus
641 2287 681 2347 ad
700 2310 733 2370 p.
756 2290 829 2354 too.

235 2376 273 2435 Ρ.
292 2375 365 2450 136,
384 2379 415 2438 7.
462 2374 710 2453 Quadriennalia
725 2386 756 2433 et
776 2373 1021 2455 quinquennalia
1041 2370 1196 2453 stipendia
1216 2374 1259 2432 tl.

150 2460 194 2525 iis
214 2478 236 2517 a
258 2458 472 2539 quaestorihur
492 2458 700 2543 differrentur]
726 2462 772 2521 Ob
791 2458 826 2519 id
847 2462 959 2519 milites
979 2458 1148 2519 Berrhaeae
1168 2478 1258 2540 prce-

149 2543 267 2605 sidiarii
286 2542 325 2603 ad
339 2542 502 2604 Chosrobm
518 2545 702 2604 defecerrmt.
745 2547 813 2605 Lib.
828 2550 849 2607 2
865 2547 939 2624 bell.
952 2548 1037 2605 Pers.
1078 2546 1257 2624 Bagistaeus
1272 2548 1296 2603 P
1314 2548 1364 2607 166

150 2628 191 2691 de
212 2628 321 2689 eadem
342 2650 374 2689 re
396 2633 531 2711 queritur
550 2652 605 2711 per
624 2633 766 2711 epistolas
788 2629 904 2690 ibidem
923 2632 1001 2690 circa
1022 2630 1116 2689 finem
1137 2633 1216 2704 libri.

160 2770 163 2775 .
236 2718 272 2775 P.
293 2716 365 2791 135,
389 2720 439 2779 13.
486 2716 572 2793 Quos
591 2727 703 2776 vocant
724 2715 908 2795 scholarios]
939 2719 1031 2787 Quasi
1052 2710 1260 2797 σχολάζοντας,

150 2801 261 2861 bellico
284 2802 322 2861 ab
343 2822 433 2880 opere
454 2812 616 2877 vacantes,
637 2812 668 2861 et
687 2802 784 2861 veluti
802 2803 925 2861 feriatos
945 2803 1069 2860 milites.
1111 2804 1203 2877 Nam,
1225 2811 1261 2861 nt

152 2890 195 2947 ait
215 2884 363 2965 Agathias
384 2887 406 2945 l.
430 2886 461 2951 6.
493 2878 579 2949 οὗτοι
601 2892 775 2969 στρατιῶται
796 2885 852 2968 μὲν
873 2880 1088 2967 ὀνομάζονται,
1108 2887 1160 2951 καί
1181 2887 1260 2970 ἐγγι·

150 2965 305 3055 ypdrpouon
324 2976 389 3045 τοῖς
408 2976 471 3034 τοῖν
491 2966 665 3053 καταλόγων
687 2973 834 3077 βιβλίοις,
858 2971 917 3035 elai
941 2970 976 3035 di
996 2972 1030 3035 οί
1048 2971 1157 3035 πολλοί
1177 2968 1259 3035 dors·
1276 2975 1301 3031 Α
1318 2973 1369 3031 108

80 3094 83 3103 ‹
151 3060 203 3121 ιιοί
225 3078 255 3119 τε
277 3054 331 3119 nai
348 3058 596 3138 φαιδροείμονες,
616 3056 669 3119 κοιλ
690 3080 787 3139 μονον
808 3052 893 3138 οἶμαι
912 3054 1008 3140 ίίγιιου
1027 3060 1084 3119 τοῦ
1105 3059 1260 3138 βασιλείου

152 3142 258 3213 ἕνεκα,
285 3142 338 3204 καί
358 3146 414 3221 τῆς
435 3141 468 3205 tc
488 3148 554 3216 ταῖς
574 3138 721 3223 προόδοις
741 3144 940 3225 μεγαλαυχίας
969 3141 1170 3224 ἐξευρημένοι.
1212 3143 1262 3201 Hi

151 3230 268 3289 militer
290 3224 643 3307 quidem·nominantur,
668 3239 696 3287 et
717 3230 751 3287 in
773 3228 844 3288 albo
865 3230 1030 3307 conscripti
1048 3238 1133 3304 sunt,
1153 3248 1261 3287 aerum

153 3312 381 3395 quamplurimi
401 3333 507 3372 eorum
528 3312 633 3373 urbem
653 3314 768 3390 colunt,
790 3324 818 3372 et
837 3315 968 3375 aritium
983 3326 1097 3372 ornatu
1108 3311 1262 3393 gaudent,

152 3410 248 3480 atque
269 3408 306 3457 ut
325 3418 392 3458 rear
413 3396 459 3457 ad
473 3419 621 3479 pompam
634 3396 791 3460 duntaxat
807 3401 969 3479 principis,
989 3402 1114 3479 eiusque
1134 3402 1169 3457 in
1185 3418 1263 3479 pro-

154 3484 290 3544 cessibus
310 3486 500 3543 maiestatem
522 3482 681 3543 adinventi
695 3482 842 3564 fuerurrt.
883 3487 1000 3543 Horum
1024 3486 1058 3543 iu
1083 3486 1197 3563 palatio
1216 3484 1261 3544 uti

153 3572 261 3630 munia
282 3568 410 3645 diversa,
432 3572 476 3630 sic
495 3572 638 3644 uominn3
656 3572 850 3649 praetoriani
866 3570 988 3645 milites,
1009 3568 1149 3628 custodes
1165 3570 1262 3649 pala-

154 3659 212 3737 tii,
238 3655 438 3726 excubitores,
467 3657 603 3734 corporis
624 3653 777 3728 miriades,
805 3654 844 3713 de
865 3654 975 3735 quibus
994 3674 1084 3734 snpra
1105 3652 1146 3713 ad
1165 3674 1197 3734 p.
1219 3658 1262 3721 28

153 3742 211 3801 lin.
236 3744 286 3805 17.
328 3744 445 3802 Horum
466 3741 520 3799 alii
541 3751 625 3799 erent
647 3742 699 3821 qui
728 3739 878 3820 stipendis
897 3740 1105 3814 merebantur,
1134 3740 1188 3799 olii
1208 3759 1262 3799 co·

155 3826 325 3888 dicillares:
359 3845 453 3908 quare
477 3828 591 3885 mirum
615 3845 677 3884 nou
698 3836 745 3885 est
764 3825 805 3885 ad
828 3827 887 3887 tria
905 3827 1004 3885 millis
1029 3836 1060 3885 et
1082 3826 1262 3905 quingentos

155 3914 269 3987 fuisse,
303 3923 394 3993 atque
423 3913 462 3971 iis
489 3913 767 3993 supemumerorios
795 3931 813 3972 a
841 3914 1007 3971 lastiniauo
1036 3908 1154 3971 additos
1184 3930 1261 3985 esse,

137 4004 230 4058 'cum
250 3996 376 4059 honoris
396 4017 468 4077 ergo
497 4018 568 4057 eum
589 3996 718 4076 gradum
740 4008 830 4079 atque
851 4016 963 4057 nornen
982 3997 1131 4056 ambirent
1151 4015 1263 4078 qnam-

155 4086 293 4165 plurimi.
342 4086 460 4145 Horum
495 4080 627 4165 denique
655 4080 777 4144 ordines
806 4081 897 4144 modo
928 4082 1119 4165 appellantur
1146 4082 1263 4162 officia,
1302 4101 1308 4118 ¹

156 4180 249 4251 atque
270 4171 308 4229 ab
329 4166 441 4231 horum
460 4170 648 4249 praefectura
669 4166 780 4229 dicitur
794 4170 942 4251 magieter
956 4168 1148 4248 officiorum
1170 4184 1264 4249 quem

157 4256 266 4317 Graeci
286 4250 453 4339 pdquor
473 4259 536 4319 raia
556 4254 590 4319 ίν
609 4256 746 4340 maior
765 4249 897 4331 adtraat
918 4252 1010 4313 modo
1033 4253 1174 4327 scholae,
1195 4270 1264 4330 οχο·
