2959 4792
497 282 642 355 NOTAE
667 282 895 355 intusum
1168 281 1244 355 389

137 468 212 507 uem
232 458 387 510 maternae
400 448 546 526 iniuriae,
574 460 605 510 et
624 448 760 510 nubendi
780 450 902 509 licentia
922 447 980 509 sibi
1000 444 1243 510 condonentemt

137 536 230 593 istam
252 555 370 617 quoque
399 556 488 615 posse
516 538 583 595 eine
610 546 695 595 metu
715 540 851 617 priorum
870 535 974 615 legum
995 537 1028 593 in
1049 538 1242 597 matrimonio

135 620 201 679 illis
223 623 373 701 copulari,
403 624 456 703 qui
483 619 600 679 dudum
621 624 755 680 scenicae
775 622 872 679 filium
891 640 1021 680 uxorem
1038 620 1147 680 ducere
1167 642 1242 701 pro·

134 702 309 766 hibeuntur.
350 710 416 766 lmo
437 709 530 765 etiem
550 705 628 765 illud
646 705 863 766 removendum
882 726 948 766 esse
970 726 1137 782 censemus,
1158 704 1243 787 quod

134 791 170 847 iu
191 794 297 871 priscis
317 793 435 871 legibus
465 792 549 873 (licet
571 790 738 869 obscurius)
769 794 964 851 constitutum
990 801 1050 866 eet,
1078 801 1114 851 ut
1132 794 1242 851 matri·

133 880 241 935 monia
264 879 342 935 iuter
360 880 492 957 impares
513 875 669 937 honestate
690 896 834 957 personas
856 875 1077 951 conuehendo,
1097 896 1160 935 nou
1181 878 1242 935 eli-

132 970 183 1019 ter
204 960 327 1043 quidem
347 964 486 1039 valeant,
516 964 577 1021 nisi
601 960 713 1020 dotelia
740 966 939 1021 instrumenta
960 963 1096 1022 conlecto
1115 963 1259 1023 fuerint.-

132 1048 192 1105 llie
212 1067 284 1106 vero
306 1049 398 1107 etium
418 1068 479 1107 nou
499 1046 768 1122 intercedentibus,
790 1045 964 1107 omnimodo
985 1048 1072 1106 firma
1092 1049 1154 1107 siut
1173 1050 1241 1107 sine

133 1132 238 1212 ulique
260 1131 450 1191 distinctione
474 1152 687 1213 personarum3
717 1136 746 1191 ei
765 1130 858 1192 modo
879 1132 992 1192 liberae
1012 1135 1073 1192 sint
1094 1143 1124 1191 et
1150 1136 1242 1213 iuge·

133 1234 253 1295 genuae
274 1219 433 1293 mulieres,
454 1220 598 1299 nullaque
619 1218 819 1294 armenorum,
840 1220 891 1277 vel
911 1221 1095 1277 incestorum
1113 1221 1241 1277 coniun-

132 1304 270 1361 ctionum
292 1304 404 1363 suberit
425 1306 574 1383 euspicio:
595 1322 669 1362 uam
689 1304 821 1363 nefarios
841 1314 872 1361 et
884 1302 1015 1363 incestos
1029 1307 1124 1363 coitus
1138 1306 1241 1363 omni·

131 1386 191 1447 bus
212 1386 309 1447 modis
336 1399 545 1468 amputamus,
568 1391 646 1447 sicut
666 1399 696 1447 et
716 1390 787 1449 illos
812 1391 866 1469 qui
885 1391 1113 1470 prseteritermn
1132 1389 1240 1467 legum

131 1475 289 1533 sanctione
316 1476 486 1553 specialiter
513 1476 600 1533 vetiti
629 1484 719 1533 eunt:
745 1477 881 1553 exceptis
905 1473 1048 1534 videlicet
1076 1476 1132 1548 iis,
1162 1482 1239 1553 quos

127 1562 282 1637 praesenti
302 1560 371 1639 lege
391 1560 604 1639 permittimur,
625 1560 815 1641 legitimique
834 1561 1020 1619 matrimonii
1039 1559 1106 1617 iure
1123 1558 1240 1617 muniri

125 1645 343 1723 praecipimus.
386 1646 441 1703 llis
469 1646 572 1726 itaque
598 1664 653 1724 per
678 1642 758 1703 huno
783 1646 957 1723 generalem
979 1646 1081 1723 legem
1100 1646 1144 1701 ita
1166 1663 1241 1701 cou-

126 1730 252 1803 stitutis,
274 1738 305 1787 et
321 1727 359 1787 de
381 1739 498 1789 ceetero
520 1728 742 1805 conservandis,
763 1732 941 1811 praeteritas
955 1732 1048 1789 etiem
1060 1726 1239 1788 huiusmodi

125 1816 354 1874 coniunctiones
376 1834 416 1873 ex
436 1815 575 1875 subiecto
592 1825 728 1895 tempore
751 1816 847 1875 lactas
868 1812 1034 1874 secuudum
1050 1812 1239 1895 praedictam

124 1898 356 1980 dispositionem
383 1898 511 1959 iudicari
530 1902 751 1980 praecipimus,
783 1909 820 1958 ut
848 1902 965 1980 siquis
994 1902 1088 1958 talem
1108 1918 1239 1959 uxorem

124 1986 166 2044 ab
187 1988 273 2045 initio
295 1988 390 2045 nostri
411 1987 532 2064 imperii
555 1984 658 2065 (prout
679 1983 795 2043 dictum
816 1983 876 2063 est)
897 1987 962 2042 ium
982 1983 1119 2060 demerit,
1141 1994 1171 2043 et
1194 1984 1237 2041 li-

122 2072 215 2129 beros
236 2071 272 2129 ab
296 2091 332 2129 en
353 2072 575 2150 procreaverit3
606 2073 701 2131 iustos
723 2091 776 2130 eos
802 2080 833 2128 et
858 2071 1029 2147 legitimos,
1060 2079 1092 2127 et
1113 2079 1178 2127 tem
1198 2068 1237 2126 ab

123 2158 267 2215 intestato
289 2176 382 2236 quem
404 2175 445 2214 ex
472 2165 652 2215 testamento
679 2174 865 2215 successores
886 2152 1011 2228 habeut,
1040 2164 1072 2212 et
1096 2154 1235 2231 legitime
1250 2158 1274 2214 Ρ
1291 2158 1346 2227 tre

124 2243 162 2300 in
182 2250 336 2320 posterum
355 2238 555 2300 nihilomiuus
576 2259 613 2299 ee
632 2258 729 2300 uxore
749 2250 964 2321 permanente,
988 2240 1137 2320 pmcreati
1158 2258 1238 2319 quo·

126 2345 190 2408 que
211 2326 298 2385 liberi
318 2327 447 2405 legitimi
468 2328 539 2385 sint.

215 2414 300 2469 Heuc
321 2412 423 2490 legem
442 2412 625 2470 Iustinianes
646 2410 766 2489 saepius
787 2406 898 2467 deinde
915 2407 1102 2468 confirmavit
1122 2406 1238 2467 novell.

127 2496 174 2561 89
196 2516 223 2555 c.
245 2496 286 2559 15
309 2506 339 2554 et
356 2497 470 2555 novell.
495 2500 555 2559 117
578 2514 604 2552 c.
623 2498 653 2557 6.
696 2492 759 2553 Sed
778 2495 939 2573 inprimis
961 2493 1072 2552 celebri
1087 2494 1142 2551 ille
1162 2513 1244 2552 con-²

129 2582 303 2656 stitutione,
331 2600 425 2661 quae,
452 2590 488 2640 ut
513 2578 598 2638 idem
618 2578 763 2653 affirmet,
793 2579 869 2638 olim
889 2588 953 2637 erut
976 2581 1009 2636 iu
1031 2580 1138 2658 quinto
1158 2578 1238 2639 libro

131 2665 262 2741 codicis3
291 2664 344 2725 sed
373 2668 464 2747 plane
486 2665 523 2724 ab
545 2663 602 2723 heo
622 2666 730 2722 lustini
751 2662 885 2737 dicerem
914 2682 988 2721 nem
1014 2664 1069 2721 illa
1096 2666 1240 2742 rescripta

130 2753 192 2810 fuit
218 2747 293 2829 πρὸς
319 2746 374 2825 τὰς
400 2746 555 2823 esttenete
577 2743 688 2830 ἀρχὰς,
717 2746 765 2807 od
783 2749 890 2807 ωὐίῖιε
910 2750 1133 2826 magistrante,-
1161 2746 1240 2807 haec

128 2858 204 2896 vero
232 2838 340 2895 lustini
370 2835 408 2895 ad
435 2833 672 2894 Demosthenem
698 2834 885 2913 praelectam
913 2835 1072 2911 praetorio.
1120 2831 1239 2891 Deinde

128 2921 172 2982 ed
202 2924 395 2982 matrimonia
424 2924 610 2981 scenicarum
638 2918 803 2977 mulierum
832 2915 945 2977 dotalis
971 2916 1095 2998 quidem
1122 2919 1238 2976 iustru-

129 3018 236 3067 meutu
256 3010 412 3089 requisivit
433 3010 466 3065 iu
487 3007 541 3063 illa
558 3008 750 3080 lustinienus,
771 3022 834 3063 nou
855 3014 959 3061 autem
977 3004 1167 3081 imperatoris
1186 3022 1239 3060 re·

129 3095 294 3173 scriptum:
307 3096 348 3151 ·iu
368 3090 427 3151 hac
450 3110 521 3149 vero
543 3100 646 3149 contre
663 3092 795 3148 lustinus
817 3090 954 3148 mevit,
996 3090 1080 3145 llaec
1101 3087 1238 3167 explica-

129 3182 193 3238 tius
220 3176 315 3237 habee
342 3180 375 3235 in
395 3176 554 3236 Iustiniani
582 3178 724 3255 rescripto
752 3173 793 3232 ad
821 3192 927 3233 omnes
954 3174 1125 3253 episcopos,
1155 3168 1237 3256 quod

128 3266 248 3323 Graece
269 3262 325 3322 tibi
346 3262 453 3322 demus
475 3282 516 3320 ex
536 3263 679 3322 Vaticana
699 3255 893 3319 bibliotheea.

216 3427 389 3522 Βασιλεύς
405 3424 652 3516 Ἰουστινιανός
673 3440 750 3517 τοῖς
771 3422 973 3521 ἁπανταχοῦ
989 3428 1055 3520 γῆς
1075 3429 1157 3495 deo
1253 3446 1326 3504 stt

449 3526 670 3629 φιλεστᾶτοις
684 3523 923 3617 Ἐπισκόποις.

222 3688 316 3753 Θείαν
335 3680 528 3793 'lucerinum
555 3681 691 3759 διάταξιν
719 3677 827 3789 οὐδενὶἱ
927 3682 1076 3783 coctiores
1102 3672 1239 3741 ἄκουσαν

133 3798 275 3936 iiiiii,
287 3768 847 3937 biii'iebiiywiiiffbii‘nffl
853 3765 982 3913 biiii
995 3778 1240 3930 iiii'sii'nssi}

135 3942 211 4020 sotir
232 3940 343 4024 αὐτῆς,
364 3936 504 4019 ticinio
527 3934 625 4003 αὐτοῦ
645 3934 756 4002 τούτου
775 3937 900 4018 χρυσίον
920 3928 1014 4037 dende
1036 3926 1241 4033 desumpsisse:

135 4054 193 4105 τας
206 4025 353 4093 ἐπαιτεῖν.
396 4020 459 4090 eitt’
477 4025 550 4089 else
569 4028 689 4087 corotico
703 4022 835 4107 γένηται,
852 4023 1025 4083 solvemur
1039 4020 1135 4081 sotlec
1154 4040 1239 4098 eope

134 4136 170 4181 ee
191 4120 253 4179 sciet
279 4106 496 4197 λαμπροτάτων
522 4112 585 4174 ecio
612 4109 765 4193 ὒπαρχιοῖν
788 4099 963 4189 ἆρχόντων,
989 4100 1043 4167 ecl
1068 4097 1152 4186 ruod
1177 4106 1241 4165 soie

136 4202 173 4266 ev
198 4204 265 4277 ταῖς
289 4194 395 4264 πόλεσι
420 4191 664 4277 respuentem
692 4187 863 4260 nmium
888 4180 1241 4292 dmeiduedu,'do'eerc

137 4284 247 4353 ἄδειαν
266 4292 331 4361 τοῖς
345 4277 590 4366 θεοφιλεστάτης
609 4278 801 4359 ὶπισκόποις,
823 4272 888 4362 ἅμα
905 4279 949 4365 τῷ
968 4279 1166 4360 upupam
1185 4274 1242 4352 eric
