2959 4792
524 324 670 396 ttom
694 320 918 392 almum.
1195 319 1272 399 443

166 504 198 556 et
217 490 433 577 pretioeieaima
454 490 651 573 supellectile,
671 492 867 552 incitamenta
886 488 1082 551 barbarorum
1103 500 1198 569 erant,
1220 494 1275 576 qai

167 578 303 665 quotidie
324 578 365 639 ad
383 580 551 638 vicinorum
576 577 758 660 oppidorum
780 574 1044 657 depraedationem
1064 580 1276 641 excurrebant.

253 669 290 726 Ρ.
316 664 397 739 113,
424 668 455 729 6.
509 666 687 725 Tercentum
715 674 745 723 et
776 665 891 743 viginti
919 664 1024 722 millia
1051 668 1126 722 auri
1152 664 1274 746 pondo]

166 750 255 813 Idem
277 748 316 810 de
337 752 371 809 C.
393 750 531 829 Caligula
551 760 674 809 narrent
695 750 894 830 Tranquillus
916 758 947 807 et
966 750 1040 825 Dio,
1064 750 1086 809 1.
1108 750 1161 815 59.
1192 752 1278 811 Tire-

167 859 279 897 eauroe
297 839 447 895 maximoe
468 836 642 895 breviceimo
665 846 795 915 tempore
815 834 957 893 exhaurit
962 857 973 911 ,·
996 838 1106 915 quippe
1119 839 1212 897 viciee
1232 848 1279 896 ter·

168 924 282 983 milliee
302 924 474 980 eeetertium
495 923 572 994 (alii
592 919 724 980 tradunt
743 923 836 981 eiciee
855 920 948 978 eemei
965 922 1078 979 miiliee
1096 927 1277 997 eeetertium,

169 1030 209 1068 ac
225 1026 362 1069 cccxxx.
376 1010 502 1085 ineuper
512 1010 669 1081 eeetertia)
686 1028 758 1065 cum
774 1008 948 1085 accepieaet,
971 1008 1005 1064 in
1024 1006 1189 1068 Thesaurie
1203 1010 1280 1069 nui·

168 1096 233 1155 Iam
255 1096 322 1152 eiua
343 1112 479 1152 summae
493 1104 615 1173 partem
638 1096 673 1152 in
694 1094 817 1152 tertium
837 1111 954 1151 annum
973 1096 1118 1155 eervavit.

251 1181 288 1238 Ρ.
313 1178 385 1254 113,
410 1183 441 1243 7.
485 1179 605 1239 luetino
627 1182 794 1237 etiamnum
814 1180 985 1257 euperete'te,
1006 1200 1043 1237 ea
1064 1181 1280 1240 lastinianum

163 1262 362 1347 preffudieee]
390 1266 426 1322 ln
454 1262 529 1324 alios
559 1274 589 1323 et
612 1264 776 1325 lldericum
796 1262 968 1323 Vandalum
996 1264 1278 1327 familiarieeimum.

168 1353 298 1431 Procop·
319 1351 379 1413 1.1
399 1349 473 1409 bell.
496 1348 600 1410 (totth.
626 1344 780 1432 Ίλΰὲριχσς
801 1350 890 1428 ettae
909 1348 940 1422 ie
959 1342 997 1410 coi
1016 1346 1145 1431 pittaco
1162 1345 1279 1415 locau-

168 1440 267 1520 νισινρῑ
282 1434 335 1497 ecl
354 1432 440 1511 ξένος
456 1434 570 1517 ἐγένετο
587 1430 720 1517 χρήμασί
734 1456 767 1497 ee
782 1430 922 1518 μεγάλοις
937 1426 1079 1516 ἆλλήλοις
1094 1433 1277 1518 ἐδωροῦντο.

168 1520 323 1583 ildericue
342 1520 451 1599 hoepee
470 1524 651 1596 luciniani,
672 1519 828 1599 eidemque
838 1518 1133 1601 familiarieeimue,
1153 1525 1279 1605 magnie

168 1627 202 1666 ee
220 1616 329 1667 mutua
347 1609 549 1685 pecuniarum
570 1606 791 1686 largitionibue
810 1603 976 1684 augebant.

254 1694 291 1751 P.
315 1692 387 1767 113,
411 1691 461 1755 13.
503 1691 667 1751 Faleorum
689 1693 855 1750 criminum
875 1712 942 1749 reae
959 1688 1035 1771 egit]
1054 1692 1152 1751 Multa
1173 1692 1279 1751 crimi-

168 1777 289 1837 minum
309 1781 407 1856 capita
427 1774 478 1835 hic
493 1768 657 1857 Procopius
679 1786 854 1849 enumerat3
877 1794 955 1857 quae
975 1780 1019 1835 ita
1040 1778 1171 1837 breviter
1191 1798 1279 1837 com-

167 1864 280 1943 plexus
309 1872 354 1922 eat
380 1864 528 1941 Evagriaa
556 1863 580 1921 1.
600 1864 622 1925 4
642 1883 669 1922 c.
691 1865 745 1927 29.
775 1855 1026 1936 Ησοσιινιανόρ
1052 1854 1095 1943 ἦν
1115 1859 1279 1946 χρημάτων

169 1941 1280 2114 ttttttc‘ttttttttttttttttitt2titt

171 2119 271 2192 αἰτίοις
300 2112 426 2199 ricimere
455 2114 619 2199 ἕπιβονλᾶς
644 2124 709 2192 τοῖς
736 2109 916 2199 ἆνθρόποις
945 2114 1096 2181 ἐθέλουσι.
1147 2116 1281 2194 noitoeie
1336 2170 1341 2179 .

171 2201 279 2268 ὄ1ιια1
307 2198 501 2285 ἐναρίθμους
521 2208 584 2267 τῶν
610 2199 648 2267 τὰ
668 2199 765 2266 πολλοὶ
786 2201 976 2282 κεκτημένων
995 2196 1166 2284 προφάσεις
1186 2199 1300 2285 cinero·-

172 2290 339 2369 φσσίσισνς
367 2283 537 2370 ἰπιχροὶσας
564 2285 620 2363 eie
650 2282 759 2361 ον’σίος
788 2281 910 2361 initae
931 2287 1085 2369 ἐζημίωσε.
1128 2289 1166 2349 In
1187 2291 1284 2351 Iucti-

171 2378 266 2435 niano
286 2395 357 2434 uero
386 2386 452 2435 tam
478 2374 669 2454 ineeplebilie
688 2372 763 2453 suit
785 2376 937 2453 pecuniae
957 2372 1132 2453 eupiditae,
1162 2384 1190 2434 et
1216 2386 1285 2435 tam

172 2462 274 2541 turpie
300 2481 402 2520 rerum
439 2460 612 2519 alienarum
639 2460 808 2539 appetitio,
842 2468 878 2518 ut
911 2464 1050 2518 omnium
1078 2460 1285 2520 eubieatarum

172 2546 255 2605 bona
275 2545 312 2605 ob
334 2548 409 2605 auri
429 2566 561 2606 amorem
582 2542 753 2607 vendiderit
774 2546 832 2623 iia,
862 2547 918 2624 qui
937 2544 1031 2604 nulla
1052 2542 1090 2603 de
1110 2562 1218 2606 cauea·
1232 2549 1285 2605 in-

171 2630 276 2691 cidiae
295 2630 473 2691 hominibue
492 2642 608 2691 etruere
627 2629 778 2691 volebant.
825 2628 1016 2709 Compluree,
1044 2632 1106 2690 imo
1133 2652 1203 2692 νινο
1232 2634 1285 2691 in-

172 2717 394 2796 numeratum,
418 2718 474 2797 qui
495 2717 595 2776 multa
619 2716 700 2775 bona
715 2713 933 2796 poeeidebant,
954 2736 1055 2775 cauea
1065 2718 1179 2800 solea,
1200 2738 1284 2777 corn-

172 2804 372 2883 mentiticque
390 2802 539 2883 conficta,
560 2802 701 2862 omnibus
712 2802 859 2881 fortunie
879 2802 1052 2861 mulctavit.
1100 2816 1106 2826 '

258 2889 294 2947 P.
311 2884 383 2963 114,
407 2892 438 2953 1.
483 2886 641 2966 Quaedam
661 2889 802 2947 eoelerati
822 2885 932 2965 coitur]
954 2889 1036 2946 Tem
1056 2884 1190 2967 indignis
1211 2906 1283 2948 mo·
1392 2952 1396 2961 ,

174 2971 223 3034 die
243 2976 404 3053 pecuniam
423 2976 625 3033 luatinienum
646 2990 834 3048 aeruscaeee,
858 2992 937 3052 pene
956 2974 1103 3052 Procopio
1130 2991 1192 3031 noo
1215 2992 1283 3031 cre-

175 3058 313 3135 deretur,
349 3060 410 3119 niai
446 3058 582 3119 eiusdem
612 3060 758 3139 temporie
784 3059 941 3137 scriptores
970 3055 1004 3116 id
1040 3057 1282 3137 comprobarent.

174 3146 286 3224 Evagr.
306 3144 331 3202 1.
352 3142 374 3207 4
396 3164 422 3208 ο.
443 3146 495 3206 29.
520 3140 561 3224 ἢν
583 3140 617 3206 tl
637 3138 715 3229 γυνὴ
736 3142 941 3224 ἑταιριζσμὲνη
962 3137 1219 3223 ἒπσφθολμίσασά
1238 3166 1282 3227 τρο

175 3228 298 3311 ὁμιλίαν
318 3224 388 3291 τινὰ
411 3223 435 3309 ἢ
465 3230 548 3309 μίξιν
569 3223 737 3292 οἷνέπλιισεν
764 3222 859 3302 criticis
880 3223 1000 3291 inacta
1021 3230 1143 3311 φροῦδοι
1164 3224 1202 3290 ecl
1221 3232 1284 3290 τῶν

174 3312 281 3395 νόμων
301 3316 502 3392 καθίσιανισ,
528 3312 580 3377 eui
608 3312 661 3379 civ
680 3308 891 3377 'Iooareveaeiv
909 3312 1200 3395 προσεταιρισαμένη
1226 3315 1284 3375 eati

176 3394 294 3465 α’τόιιοσ
321 3398 449 3483 κέρδους
477 3396 549 3464 ὅλον
574 3396 627 3463 τὸν
650 3404 783 3464 πλοῦτον
812 3398 1100 3482 σνιιοφαντηθὲντσς
1126 3398 1207 3462 οἴκοι
1233 3420 1285 3478 με·

175 3480 373 3559 τεσιευᾶζιισ.
419 3484 512 3563 Quod
530 3490 560 3545 ei
581 3506 659 3567 quae
679 3488 816 3543 meretrix
838 3486 941 3544 oculor
962 3483 1146 3565 cupiditatis
1161 3481 1207 3542 ad
1226 3484 1286 3542 aii·

177 3573 268 3630 cuiue
289 3571 369 3630 bonu
389 3570 539 3631 adiiciene
559 3569 806 3630 coneuetudinem
824 3592 856 3630 ae
876 3571 977 3630 ullam
992 3590 1064 3628 eum
1084 3591 1128 3647 eo,
1150 3569 1200 3631 vei
1215 3590 1287 3629 con·

176 3658 362 3716 intrationem
390 3656 487 3737 (adde
514 3676 555 3717 ex
579 3658 725 3737 Procopio
753 3655 913 3736 illicitam)
941 3655 1088 3714 habuieee
1112 3654 1285 3731 eimuloret,

176 3746 285 3802 atatim
307 3744 411 3801 omnia
433 3745 524 3825 iura,
553 3763 593 3801 ao
611 3743 708 3822 leget,
735 3738 825 3800 mado
847 3742 1060 3802 Iuetinianum
1080 3743 1184 3821 turpia
1207 3742 1287 3800 lueri
1302 3741 1327 3796 Δ
1342 3742 1379 3798 92
1473 3767 1477 3775 ·

177 3830 298 3889 accium
320 3830 526 3906 commueret,
551 3830 618 3886 eiue
639 3848 737 3887 cauea
758 3848 876 3888 evereae
901 3830 1080 3902 iacuerunt,
1096 3826 1289 3903 facultates-
1304 3812 1331 3868 V
1347 3812 1401 3870 ³73

178 3934 238 3995 que
259 3933 362 3972 omnee
382 3914 480 3989 illiue,
504 3916 559 3994 qui
570 3914 662 3993 salec
683 3918 717 3973 in
738 3915 854 3973 crimen
873 3911 1033 3973 adductae
1053 3923 1135 3993 erat,
1154 3914 1289 3990 suerunt

178 4002 213 4059 in
233 4000 301 4059 eiue
321 3998 447 4058 domum
466 3998 647 4060 tranelatae.

262 4087 300 4145 Ρ.
321 4083 393 4161 114,
415 4088 446 4149 6.
489 4085 708 4144 Barbarorum
724 4092 839 4165 gentee,
859 4104 940 4166 quae
959 4079 1128 4143 adortum
1148 4093 1177 4143 et
1198 4102 1289 4143 occa-
1361 4085 1365 4097 '

177 4168 262 4249 eum]
283 4172 382 4248 liegee
403 4170 554 4246 barbam,
575 4172 626 4231 rel
648 4190 755 4230 eorum
775 4171 901 4250 tegetes,
923 4172 977 4252 qui
1000 4190 1042 4229 ex
1061 4172 1203 4230 unirerao
1224 4179 1289 4227 ter-

178 4274 283 4315 raram
317 4254 389 4315 orbe
413 4258 595 4339 Byzantium
623 4256 681 4317 aab
709 4258 876 4331 luatinieno
903 4266 1067 4333 venerant,
1103 4264 1135 4315 et
1165 4254 1289 4336 publica

180 4360 293 4423 pompa
319 4344 439 4424 excepti
467 4352 552 4421 aunt,
582 4350 613 4403 et
638 4340 945 4424 magnificentieeimie
973 4342 1022 4425 (at
1042 4337 1159 4422 eubdit)
1184 4339 1290 4400 lautiie

908 4568 917 4601 i
