<?xml version="1.0" encoding="UTF-8"?>
<!DOCTYPE html PUBLIC "-//W3C//DTD XHTML 1.0 Transitional//EN"
    "http://www.w3.org/TR/xhtml1/DTD/xhtml1-transitional.dtd">
<html xmlns="http://www.w3.org/1999/xhtml" xml:lang="en" lang="en">
 <head>
  <title>
</title>
<meta http-equiv="Content-Type" content="text/html;charset=utf-8" />
  <meta name='ocr-system' content='tesseract 3.04.00' />
  <meta name='ocr-capabilities' content='ocr_page ocr_carea ocr_par ocr_line ocrx_word'/>
</head>
<body>
  <div class='ocr_page' id='page_1' title='image "./corpusscriptoru15theogoog_0490.png"; bbox 0 0 2959 4792; ppageno 0'>
   <div class='ocr_carea' id='block_1_1' title="bbox 225 286 979 365">
    <p class='ocr_par' dir='ltr' id='par_1_1' title="bbox 225 286 979 365">
     <span class='ocr_line' id='line_1_1' title="bbox 225 286 979 365; baseline -0.001 -1"><span class='ocrx_word' id='word_1_1' title='bbox 225 286 302 365; x_wconf 79' lang='lat'><strong>442</strong></span> <span class='ocrx_word' id='word_1_2' title='bbox 572 288 619 363; x_wconf 80' lang='grc' dir='ltr'><strong>ΙΝ</strong></span> <span class='ocrx_word' id='word_1_3' title='bbox 642 290 754 363; x_wconf 71' lang='lat' dir='ltr'><strong>mss.</strong></span> <span class='ocrx_word' id='word_1_4' title='bbox 777 292 979 363; x_wconf 75' lang='lat' dir='ltr'><strong>ittcsttstt</strong></span> 
     </span>
    </p>
   </div>
   <div class='ocr_carea' id='block_1_2' title="bbox 105 457 1339 1487">
    <p class='ocr_par' dir='ltr' id='par_1_2' title="bbox 169 457 1339 1145">
     <span class='ocr_line' id='line_1_2' title="bbox 169 457 1339 544; baseline -0.003 -16"><span class='ocrx_word' id='word_1_5' title='bbox 169 532 173 541; x_wconf 61' lang='grc'><strong>,</strong></span> <span class='ocrx_word' id='word_1_6' title='bbox 223 462 416 544; x_wconf 72' lang='grc' dir='ltr'><strong>λονείνησαν.</strong></span> <span class='ocrx_word' id='word_1_7' title='bbox 456 457 653 540; x_wconf 71' lang='lat' dir='ltr'><strong>Antigonam</strong></span> <span class='ocrx_word' id='word_1_8' title='bbox 675 460 833 521; x_wconf 81' lang='lat' dir='ltr'><strong>curriculo</strong></span> <span class='ocrx_word' id='word_1_9' title='bbox 863 460 1019 540; x_wconf 81' lang='lat' dir='ltr'><strong>absoluto,</strong></span> <span class='ocrx_word' id='word_1_10' title='bbox 1038 460 1175 541; x_wconf 79' lang='lat' dir='ltr'><strong>factiosi</strong></span> <span class='ocrx_word' id='word_1_11' title='bbox 1202 466 1284 523; x_wconf 78' lang='lat' dir='ltr'><strong>incer</strong></span> <span class='ocrx_word' id='word_1_12' title='bbox 1302 486 1339 525; x_wconf 77' lang='lat' dir='ltr'><strong>se</strong></span> 
     </span>
     <span class='ocr_line' id='line_1_3' title="bbox 225 546 1338 629; baseline 0 -20"><span class='ocrx_word' id='word_1_13' title='bbox 225 550 519 621; x_wconf 75' lang='lat' dir='ltr'><strong>tumultuabantur,-</strong></span> <span class='ocrx_word' id='word_1_14' title='bbox 548 564 645 625; x_wconf 80' lang='lat' dir='ltr'><strong>quurs</strong></span> <span class='ocrx_word' id='word_1_15' title='bbox 665 546 808 608; x_wconf 81' lang='lat' dir='ltr'><strong>Iustinus</strong></span> <span class='ocrx_word' id='word_1_16' title='bbox 827 550 951 627; x_wconf 81' lang='lat' dir='ltr'><strong>utrique</strong></span> <span class='ocrx_word' id='word_1_17' title='bbox 960 549 1102 626; x_wconf 80' lang='lat' dir='ltr'><strong>factioni</strong></span> <span class='ocrx_word' id='word_1_18' title='bbox 1117 569 1174 629; x_wconf 83' lang='lat' dir='ltr'><strong>per</strong></span> <span class='ocrx_word' id='word_1_19' title='bbox 1193 547 1338 609; x_wconf 66' lang='lat' dir='ltr'><strong>Maccdo-</strong></span> 
     </span>
     <span class='ocr_line' id='line_1_4' title="bbox 225 632 1336 713; baseline -0.002 -19"><span class='ocrx_word' id='word_1_20' title='bbox 225 646 320 694; x_wconf 84' lang='lat' dir='ltr'><strong>torem</strong></span> <span class='ocrx_word' id='word_1_21' title='bbox 340 638 387 693; x_wconf 83' lang='lat' dir='ltr'><strong>sic</strong></span> <span class='ocrx_word' id='word_1_22' title='bbox 408 633 623 693; x_wconf 78' lang='lat' dir='ltr'><strong>interminatus</strong></span> <span class='ocrx_word' id='word_1_23' title='bbox 643 642 698 694; x_wconf 83' lang='lat' dir='ltr'><strong>est.</strong></span> <span class='ocrx_word' id='word_1_24' title='bbox 745 632 842 696; x_wconf 81' lang='lat' dir='ltr'><strong>Vobis</strong></span> <span class='ocrx_word' id='word_1_25' title='bbox 861 632 1043 713; x_wconf 72' lang='lat' dir='ltr'><strong>defunctum</strong></span> <span class='ocrx_word' id='word_1_26' title='bbox 1063 635 1129 692; x_wconf 87' lang='lat' dir='ltr'><strong>iam</strong></span> <span class='ocrx_word' id='word_1_27' title='bbox 1148 655 1211 693; x_wconf 81' lang='lat' dir='ltr'><strong>erse</strong></span> <span class='ocrx_word' id='word_1_28' title='bbox 1232 636 1336 695; x_wconf 81' lang='lat' dir='ltr'><strong>Iusti-</strong></span> 
     </span>
     <span class='ocr_line' id='line_1_5' title="bbox 223 717 1336 799; baseline -0.001 -19"><span class='ocrx_word' id='word_1_29' title='bbox 223 723 356 781; x_wconf 80' lang='lat' dir='ltr'><strong>niauum</strong></span> <span class='ocrx_word' id='word_1_30' title='bbox 375 722 483 779; x_wconf 79' lang='lat' dir='ltr'><strong>scitote</strong></span> <span class='ocrx_word' id='word_1_31' title='bbox 507 717 636 779; x_wconf 77' lang='lat' dir='ltr'><strong>Veneti:</strong></span> <span class='ocrx_word' id='word_1_32' title='bbox 658 738 812 799; x_wconf 79' lang='lat' dir='ltr'><strong>superesse</strong></span> <span class='ocrx_word' id='word_1_33' title='bbox 831 722 997 778; x_wconf 76' lang='lat' dir='ltr'><em>etiamnum</em></span> <span class='ocrx_word' id='word_1_34' title='bbox 1015 720 1103 777; x_wconf 79' lang='lat' dir='ltr'><strong>cobis</strong></span> <span class='ocrx_word' id='word_1_35' title='bbox 1121 722 1253 779; x_wconf 64' lang='lat' dir='ltr'><strong>stactus·</strong></span> <span class='ocrx_word' id='word_1_36' title='bbox 1278 720 1336 781; x_wconf 82' lang='lat' dir='ltr'><strong>Iu-</strong></span> 
     </span>
     <span class='ocr_line' id='line_1_6' title="bbox 223 802 1336 887; baseline 0 -22"><span class='ocrx_word' id='word_1_37' title='bbox 223 810 397 866; x_wconf 80' lang='lat' dir='ltr'><strong>stinionum</strong></span> <span class='ocrx_word' id='word_1_38' title='bbox 416 802 536 864; x_wconf 76' lang='lat' dir='ltr'><strong>credite.</strong></span> <span class='ocrx_word' id='word_1_39' title='bbox 581 805 650 884; x_wconf 79' lang='lat' dir='ltr'><strong>Quo</strong></span> <span class='ocrx_word' id='word_1_40' title='bbox 672 805 723 863; x_wconf 82' lang='lat' dir='ltr'><strong>ttlt</strong></span> <span class='ocrx_word' id='word_1_41' title='bbox 743 803 852 863; x_wconf 76' lang='lat' dir='ltr'><strong>audito</strong></span> <span class='ocrx_word' id='word_1_42' title='bbox 872 809 1059 886; x_wconf 78' lang='lat' dir='ltr'><strong>quieverunt,</strong></span> <span class='ocrx_word' id='word_1_43' title='bbox 1080 826 1176 885; x_wconf 80' lang='lat' dir='ltr'><strong>mque</strong></span> <span class='ocrx_word' id='word_1_44' title='bbox 1195 807 1336 887; x_wconf 74' lang='lat' dir='ltr'><strong>mplius</strong></span> 
     </span>
     <span class='ocr_line' id='line_1_7' title="bbox 223 887 1336 972; baseline -0.001 -21"><span class='ocrx_word' id='word_1_45' title='bbox 223 893 368 951; x_wconf 72' lang='lat' dir='ltr'><strong>chercati</strong></span> <span class='ocrx_word' id='word_1_46' title='bbox 388 902 470 954; x_wconf 83' lang='lat' dir='ltr'><strong>eunt.</strong></span> <span class='ocrx_word' id='word_1_47' title='bbox 511 887 589 949; x_wconf 85' lang='lat' dir='ltr'><strong>Vide</strong></span> <span class='ocrx_word' id='word_1_48' title='bbox 609 888 795 950; x_wconf 81' lang='lat' dir='ltr'><strong>Mendotoris</strong></span> <span class='ocrx_word' id='word_1_49' title='bbox 818 889 952 949; x_wconf 85' lang='lat' dir='ltr'><strong>officium</strong></span> <span class='ocrx_word' id='word_1_50' title='bbox 973 908 1009 948; x_wconf 81' lang='lat' dir='ltr'><strong>so</strong></span> <span class='ocrx_word' id='word_1_51' title='bbox 1029 910 1158 966; x_wconf 89' lang='lat' dir='ltr'><strong>munus,</strong></span> <span class='ocrx_word' id='word_1_52' title='bbox 1181 894 1235 972; x_wconf 90' lang='lat' dir='ltr'><strong>qni</strong></span> <span class='ocrx_word' id='word_1_53' title='bbox 1254 894 1336 951; x_wconf 72' lang='lat' dir='ltr'><strong>cae·</strong></span> 
     </span>
     <span class='ocr_line' id='line_1_8' title="bbox 222 973 1336 1057; baseline -0.001 -20"><span class='ocrx_word' id='word_1_54' title='bbox 222 980 298 1037; x_wconf 80' lang='lat' dir='ltr'><strong>seris</strong></span> <span class='ocrx_word' id='word_1_55' title='bbox 319 980 444 1037; x_wconf 87' lang='lat' dir='ltr'><strong>nomine</strong></span> <span class='ocrx_word' id='word_1_56' title='bbox 464 976 613 1035; x_wconf 87' lang='lat' dir='ltr'><strong>tumultus</strong></span> <span class='ocrx_word' id='word_1_57' title='bbox 635 974 754 1035; x_wconf 82' lang='lat' dir='ltr'><strong>sederet</strong></span> <span class='ocrx_word' id='word_1_58' title='bbox 778 978 812 1034; x_wconf 88' lang='lat' dir='ltr'><strong>in</strong></span> <span class='ocrx_word' id='word_1_59' title='bbox 833 979 926 1053; x_wconf 89' lang='lat' dir='ltr'><strong>circo,</strong></span> <span class='ocrx_word' id='word_1_60' title='bbox 959 973 1035 1057; x_wconf 90' lang='lat' dir='ltr'><strong>quid</strong></span> <span class='ocrx_word' id='word_1_61' title='bbox 1055 976 1135 1035; x_wconf 76' lang='lat' dir='ltr'><strong>iacto</strong></span> <span class='ocrx_word' id='word_1_62' title='bbox 1156 995 1233 1057; x_wconf 90' lang='lat' dir='ltr'><strong>opus</strong></span> <span class='ocrx_word' id='word_1_63' title='bbox 1254 988 1336 1036; x_wconf 79' lang='lat' dir='ltr'><strong>esset</strong></span> 
     </span>
     <span class='ocr_line' id='line_1_9' title="bbox 222 1059 1336 1145; baseline -0.001 -24"><span class='ocrx_word' id='word_1_64' title='bbox 222 1063 456 1145; x_wconf 75' lang='lat' dir='ltr'>praescriberet,</span> <span class='ocrx_word' id='word_1_65' title='bbox 479 1063 668 1141; x_wconf 80' lang='lat' dir='ltr'><strong>imperatoris</strong></span> <span class='ocrx_word' id='word_1_66' title='bbox 687 1063 784 1121; x_wconf 80' lang='lat' dir='ltr'><strong>voluti</strong></span> <span class='ocrx_word' id='word_1_67' title='bbox 803 1081 867 1121; x_wconf 77' lang='lat' dir='ltr'><strong>vox</strong></span> <span class='ocrx_word' id='word_1_68' title='bbox 887 1064 920 1122; x_wconf 88' lang='lat' dir='ltr'><strong>in</strong></span> <span class='ocrx_word' id='word_1_69' title='bbox 939 1059 1058 1120; x_wconf 82' lang='lat' dir='ltr'><strong>thettro</strong></span> <span class='ocrx_word' id='word_1_70' title='bbox 1079 1071 1158 1135; x_wconf 80' lang='lat' dir='ltr'><strong>eret,</strong></span> <span class='ocrx_word' id='word_1_71' title='bbox 1183 1061 1336 1143; x_wconf 81' lang='lat' dir='ltr'><strong>quemod-</strong></span> 
     </span>
    </p>

    <p class='ocr_par' dir='ltr' id='par_1_3' title="bbox 105 1140 1338 1487">
     <span class='ocr_line' id='line_1_10' title="bbox 105 1140 1338 1235; baseline 0.002 -27"><span class='ocrx_word' id='word_1_72' title='bbox 105 1218 113 1235; x_wconf 89' lang='lat'><strong>.</strong></span> <span class='ocrx_word' id='word_1_73' title='bbox 222 1147 351 1209; x_wconf 88' lang='lat' dir='ltr'><strong>modum</strong></span> <span class='ocrx_word' id='word_1_74' title='bbox 373 1157 513 1229; x_wconf 78' lang='lat' dir='ltr'><strong>quaestor</strong></span> <span class='ocrx_word' id='word_1_75' title='bbox 538 1149 572 1205; x_wconf 91' lang='lat' dir='ltr'><strong>in</strong></span> <span class='ocrx_word' id='word_1_76' title='bbox 593 1158 712 1207; x_wconf 73' lang='lat' dir='ltr'><strong>senatu.</strong></span> <span class='ocrx_word' id='word_1_77' title='bbox 755 1144 880 1222; x_wconf 83' lang='lat' dir='ltr'><strong>Suidss,</strong></span> <span class='ocrx_word' id='word_1_78' title='bbox 903 1140 1080 1228; x_wconf 77' lang='lat' dir='ltr'><strong>Mosdcisop</strong></span> <span class='ocrx_word' id='word_1_79' title='bbox 1102 1141 1183 1219; x_wconf 64' lang='lat' dir='ltr'><strong>sirice·</strong></span> <span class='ocrx_word' id='word_1_80' title='bbox 1204 1142 1338 1228; x_wconf 66' lang='grc' dir='ltr'><strong><em>ἀξιόρα-</em></strong></span> 
     </span>
     <span class='ocr_line' id='line_1_11' title="bbox 222 1229 1335 1313; baseline -0.002 -20"><span class='ocrx_word' id='word_1_81' title='bbox 222 1258 284 1307; x_wconf 81' lang='grc' dir='ltr'><strong>τος.</strong></span> <span class='ocrx_word' id='word_1_82' title='bbox 326 1232 497 1293; x_wconf 84' lang='lat' dir='ltr'><strong>Mondctor</strong></span> <span class='ocrx_word' id='word_1_83' title='bbox 517 1242 561 1291; x_wconf 82' lang='lat' dir='ltr'><strong>ert</strong></span> <span class='ocrx_word' id='word_1_84' title='bbox 580 1252 678 1313; x_wconf 80' lang='lat' dir='ltr'><strong>genus</strong></span> <span class='ocrx_word' id='word_1_85' title='bbox 700 1229 875 1312; x_wconf 68' lang='lat' dir='ltr'><strong>dignitatis.</strong></span> <span class='ocrx_word' id='word_1_86' title='bbox 919 1235 1002 1311; x_wconf 83' lang='lat' dir='ltr'><strong>Lege</strong></span> <span class='ocrx_word' id='word_1_87' title='bbox 1024 1229 1237 1291; x_wconf 81' lang='lat' dir='ltr'><strong>Gassiodorum</strong></span> <span class='ocrx_word' id='word_1_88' title='bbox 1257 1234 1280 1292; x_wconf 92' lang='lat' dir='ltr'><strong>l.</strong></span> <span class='ocrx_word' id='word_1_89' title='bbox 1301 1238 1335 1310; x_wconf 85' lang='grc'><strong>7,</strong></span> 
     </span>
     <span class='ocr_line' id='line_1_12' title="bbox 224 1313 1335 1399; baseline -0.002 -18"><span class='ocrx_word' id='word_1_90' title='bbox 224 1322 294 1381; x_wconf 77' lang='lat' dir='ltr'><strong>Ver.</strong></span> <span class='ocrx_word' id='word_1_91' title='bbox 309 1322 397 1399; x_wconf 84' lang='lat' dir='ltr'><strong>epist.</strong></span> <span class='ocrx_word' id='word_1_92' title='bbox 414 1313 457 1382; x_wconf 86' lang='lat'><strong>10</strong></span> <span class='ocrx_word' id='word_1_93' title='bbox 477 1316 515 1376; x_wconf 84' lang='lat' dir='ltr'><strong>de</strong></span> <span class='ocrx_word' id='word_1_94' title='bbox 528 1317 648 1378; x_wconf 86' lang='lat' dir='ltr'><strong>tribuno</strong></span> <span class='ocrx_word' id='word_1_95' title='bbox 669 1320 871 1399; x_wconf 71' lang='lat' dir='ltr'><strong>voluptatum.</strong></span> <span class='ocrx_word' id='word_1_96' title='bbox 911 1321 952 1378; x_wconf 85' lang='lat' dir='ltr'><strong>Et</strong></span> <span class='ocrx_word' id='word_1_97' title='bbox 963 1314 1163 1399; x_wconf 69' lang='lat' dir='ltr'>Theophanis</span> <span class='ocrx_word' id='word_1_98' title='bbox 1176 1318 1335 1399; x_wconf 74' lang='lat' dir='ltr'><strong>fragmen-</strong></span> 
     </span>
     <span class='ocr_line' id='line_1_13' title="bbox 222 1401 587 1487; baseline -0.005 -22"><span class='ocrx_word' id='word_1_99' title='bbox 222 1414 291 1465; x_wconf 85' lang='lat' dir='ltr'><strong>tum</strong></span> <span class='ocrx_word' id='word_1_100' title='bbox 312 1424 402 1487; x_wconf 73' lang='lat' dir='ltr'><strong>supra</strong></span> <span class='ocrx_word' id='word_1_101' title='bbox 424 1401 463 1462; x_wconf 81' lang='lat' dir='ltr'><strong>sd</strong></span> <span class='ocrx_word' id='word_1_102' title='bbox 482 1424 515 1485; x_wconf 85' lang='lat' dir='ltr'><strong>p.</strong></span> <span class='ocrx_word' id='word_1_103' title='bbox 534 1402 587 1468; x_wconf 82' lang='lat'><strong>66.</strong></span> 
     </span>
    </p>
   </div>
   <div class='ocr_carea' id='block_1_3' title="bbox 223 1516 1335 2264">
    <p class='ocr_par' dir='ltr' id='par_1_4' title="bbox 223 1516 1335 2112">
     <span class='ocr_line' id='line_1_14' title="bbox 308 1516 1334 1600; baseline -0.002 -19"><span class='ocrx_word' id='word_1_104' title='bbox 308 1525 346 1582; x_wconf 98' lang='lat' dir='ltr'><strong>P.</strong></span> <span class='ocrx_word' id='word_1_105' title='bbox 369 1524 447 1595; x_wconf 91' lang='lat'><strong>111,</strong></span> <span class='ocrx_word' id='word_1_106' title='bbox 468 1525 500 1585; x_wconf 80' lang='lat'><strong>7.</strong></span> <span class='ocrx_word' id='word_1_107' title='bbox 542 1516 601 1580; x_wconf 79' lang='lat' dir='ltr'><strong>Ad</strong></span> <span class='ocrx_word' id='word_1_108' title='bbox 619 1518 724 1579; x_wconf 79' lang='lat' dir='ltr'><strong>urbem</strong></span> <span class='ocrx_word' id='word_1_109' title='bbox 745 1516 896 1579; x_wconf 82' lang='lat' dir='ltr'><strong>Edessam</strong></span> <span class='ocrx_word' id='word_1_110' title='bbox 916 1521 1044 1600; x_wconf 71' lang='lat' dir='ltr'><strong>Scyrius</strong></span> <span class='ocrx_word' id='word_1_111' title='bbox 1070 1516 1258 1600; x_wconf 77' lang='lat' dir='ltr'><strong>exsudavit]</strong></span> <span class='ocrx_word' id='word_1_112' title='bbox 1285 1520 1334 1579; x_wconf 82' lang='lat' dir='ltr'><strong>De</strong></span> 
     </span>
     <span class='ocr_line' id='line_1_15' title="bbox 224 1602 1334 1689; baseline -0.001 -23"><span class='ocrx_word' id='word_1_113' title='bbox 224 1602 293 1682; x_wconf 80' lang='lat' dir='ltr'><strong>hec,</strong></span> <span class='ocrx_word' id='word_1_114' title='bbox 316 1618 406 1689; x_wconf 78' lang='lat' dir='ltr'><strong>etque</strong></span> <span class='ocrx_word' id='word_1_115' title='bbox 427 1606 495 1667; x_wconf 80' lang='lat' dir='ltr'><strong>eliis</strong></span> <span class='ocrx_word' id='word_1_116' title='bbox 513 1602 674 1663; x_wconf 87' lang='lat' dir='ltr'><strong>fluminum</strong></span> <span class='ocrx_word' id='word_1_117' title='bbox 692 1604 891 1681; x_wconf 75' lang='lat' dir='ltr'><strong>eluvionibus,</strong></span> <span class='ocrx_word' id='word_1_118' title='bbox 913 1606 1034 1666; x_wconf 90' lang='lat' dir='ltr'><strong>urbium</strong></span> <span class='ocrx_word' id='word_1_119' title='bbox 1050 1610 1154 1681; x_wconf 82' lang='lat' dir='ltr'><strong>ruinis,</strong></span> <span class='ocrx_word' id='word_1_120' title='bbox 1174 1617 1334 1687; x_wconf 74' lang='lat' dir='ltr'>terraeque</span> 
     </span>
     <span class='ocr_line' id='line_1_16' title="bbox 223 1687 1335 1771; baseline -0.001 -20"><span class='ocrx_word' id='word_1_121' title='bbox 223 1691 374 1769; x_wconf 85' lang='lat' dir='ltr'><strong>motibus,</strong></span> <span class='ocrx_word' id='word_1_122' title='bbox 405 1688 474 1750; x_wconf 84' lang='lat' dir='ltr'><strong>vide</strong></span> <span class='ocrx_word' id='word_1_123' title='bbox 495 1692 519 1749; x_wconf 94' lang='lat' dir='ltr'><strong>l.</strong></span> <span class='ocrx_word' id='word_1_124' title='bbox 542 1694 562 1755; x_wconf 82' lang='grc'><strong>8</strong></span> <span class='ocrx_word' id='word_1_125' title='bbox 584 1689 657 1749; x_wconf 89' lang='lat' dir='ltr'><strong>bell.</strong></span> <span class='ocrx_word' id='word_1_126' title='bbox 679 1687 801 1767; x_wconf 59' lang='lat' dir='ltr'><strong>(totth,</strong></span> <span class='ocrx_word' id='word_1_127' title='bbox 822 1692 932 1769; x_wconf 81' lang='lat' dir='ltr'><strong>Evagr.</strong></span> <span class='ocrx_word' id='word_1_128' title='bbox 953 1692 975 1752; x_wconf 93' lang='lat' dir='ltr'><strong>l.</strong></span> <span class='ocrx_word' id='word_1_129' title='bbox 999 1692 1036 1768; x_wconf 79' lang='lat'><strong>4,</strong></span> <span class='ocrx_word' id='word_1_130' title='bbox 1059 1688 1202 1771; x_wconf 89' lang='lat' dir='ltr'><strong>Theoph.</strong></span> <span class='ocrx_word' id='word_1_131' title='bbox 1222 1694 1335 1751; x_wconf 82' lang='lat' dir='ltr'><strong>Zoner.</strong></span> 
     </span>
     <span class='ocr_line' id='line_1_17' title="bbox 224 1774 1335 1856; baseline -0.001 -20"><span class='ocrx_word' id='word_1_132' title='bbox 224 1776 314 1836; x_wconf 83' lang='lat' dir='ltr'><strong>Cedr.</strong></span> <span class='ocrx_word' id='word_1_133' title='bbox 337 1787 368 1836; x_wconf 87' lang='lat' dir='ltr'><strong>et</strong></span> <span class='ocrx_word' id='word_1_134' title='bbox 389 1776 476 1837; x_wconf 80' lang='lat' dir='ltr'><strong>ulios.</strong></span> <span class='ocrx_word' id='word_1_135' title='bbox 518 1778 586 1835; x_wconf 87' lang='lat' dir='ltr'><strong>Non</strong></span> <span class='ocrx_word' id='word_1_136' title='bbox 600 1776 735 1855; x_wconf 71' lang='lat' dir='ltr'><strong>Scyrius,</strong></span> <span class='ocrx_word' id='word_1_137' title='bbox 757 1785 791 1834; x_wconf 91' lang='lat' dir='ltr'><strong>ut</strong></span> <span class='ocrx_word' id='word_1_138' title='bbox 811 1774 904 1835; x_wconf 78' lang='lat' dir='ltr'><strong>habet</strong></span> <span class='ocrx_word' id='word_1_139' title='bbox 925 1775 1023 1835; x_wconf 82' lang='lat' dir='ltr'><strong>codex</strong></span> <span class='ocrx_word' id='word_1_140' title='bbox 1043 1779 1112 1837; x_wconf 76' lang='lat' dir='ltr'><strong>var.</strong></span> <span class='ocrx_word' id='word_1_141' title='bbox 1133 1775 1189 1836; x_wconf 90' lang='lat' dir='ltr'><strong>sed</strong></span> <span class='ocrx_word' id='word_1_142' title='bbox 1202 1778 1335 1856; x_wconf 83' lang='lat' dir='ltr'><strong>Scirtus,</strong></span> 
     </span>
     <span class='ocr_line' id='line_1_18' title="bbox 224 1858 1335 1945; baseline -0.001 -24"><span class='ocrx_word' id='word_1_143' title='bbox 224 1865 311 1945; x_wconf 79' lang='lat' dir='ltr'><strong>quasi</strong></span> <span class='ocrx_word' id='word_1_144' title='bbox 334 1882 352 1920; x_wconf 82' lang='lat' dir='ltr'><strong>n</strong></span> <span class='ocrx_word' id='word_1_145' title='bbox 374 1865 501 1944; x_wconf 69' lang='grc' dir='ltr'><strong><em>σκιρτῶ,</em></strong></span> <span class='ocrx_word' id='word_1_146' title='bbox 531 1858 613 1941; x_wconf 89' lang='lat' dir='ltr'><strong>quod</strong></span> <span class='ocrx_word' id='word_1_147' title='bbox 635 1871 681 1920; x_wconf 86' lang='lat' dir='ltr'><strong>est</strong></span> <span class='ocrx_word' id='word_1_148' title='bbox 701 1860 799 1938; x_wconf 85' lang='lat' dir='ltr'><strong>salio,</strong></span> <span class='ocrx_word' id='word_1_149' title='bbox 820 1858 880 1919; x_wconf 92' lang='lat' dir='ltr'><strong>huc</strong></span> <span class='ocrx_word' id='word_1_150' title='bbox 901 1863 984 1921; x_wconf 88' lang='lat' dir='ltr'><strong>enim</strong></span> <span class='ocrx_word' id='word_1_151' title='bbox 1005 1863 1192 1943; x_wconf 78' lang='lat' dir='ltr'>sibyllinum</span> <span class='ocrx_word' id='word_1_152' title='bbox 1213 1882 1335 1921; x_wconf 82' lang='lat' dir='ltr'><strong>cer-men</strong></span> 
     </span>
     <span class='ocr_line' id='line_1_19' title="bbox 223 1944 1335 2029; baseline 0 -22"><span class='ocrx_word' id='word_1_153' title='bbox 223 1946 350 2025; x_wconf 78' lang='lat' dir='ltr'><strong>alludit,</strong></span> <span class='ocrx_word' id='word_1_154' title='bbox 381 1944 464 2029; x_wconf 87' lang='lat' dir='ltr'><strong>quod</strong></span> <span class='ocrx_word' id='word_1_155' title='bbox 490 1944 663 2011; x_wconf 68' lang='lat' dir='ltr'><strong>subsidente</strong></span> <span class='ocrx_word' id='word_1_156' title='bbox 691 1946 803 2023; x_wconf 78' lang='lat' dir='ltr'><strong>fluvio,</strong></span> <span class='ocrx_word' id='word_1_157' title='bbox 828 1946 925 2027; x_wconf 84' lang='lat' dir='ltr'><strong>lepidi</strong></span> <span class='ocrx_word' id='word_1_158' title='bbox 944 1949 1076 2007; x_wconf 87' lang='lat' dir='ltr'><strong>incisum</strong></span> <span class='ocrx_word' id='word_1_159' title='bbox 1100 1949 1181 2008; x_wconf 85' lang='lat' dir='ltr'><strong>cives</strong></span> <span class='ocrx_word' id='word_1_160' title='bbox 1206 1950 1335 2009; x_wconf 80' lang='lat' dir='ltr'><strong>invene-</strong></span> 
     </span>
     <span class='ocr_line' id='line_1_20' title="bbox 224 2029 667 2112; baseline -0.009 -17"><span class='ocrx_word' id='word_1_161' title='bbox 224 2043 312 2111; x_wconf 84' lang='lat' dir='ltr'><strong>runt,</strong></span> <span class='ocrx_word' id='word_1_162' title='bbox 333 2044 368 2093; x_wconf 88' lang='lat' dir='ltr'><strong>ut</strong></span> <span class='ocrx_word' id='word_1_163' title='bbox 388 2034 431 2091; x_wconf 82' lang='lat' dir='ltr'><strong>eit</strong></span> <span class='ocrx_word' id='word_1_164' title='bbox 451 2029 667 2112; x_wconf 73' lang='lat' dir='ltr'>Theophanes,</span> 
     </span>
    </p>

    <p class='ocr_par' dir='ltr' id='par_1_5' title="bbox 373 2110 1168 2264">
     <span class='ocr_line' id='line_1_21' title="bbox 373 2110 1168 2199; baseline -0.001 -18"><span class='ocrx_word' id='word_1_165' title='bbox 373 2114 497 2199; x_wconf 81' lang='grc' dir='ltr'><strong><em>Σκιρτός</em></strong></span> <span class='ocrx_word' id='word_1_166' title='bbox 519 2110 671 2199; x_wconf 76' lang='grc' dir='ltr'><strong><em>σννρτήσει</em></strong></span> <span class='ocrx_word' id='word_1_167' title='bbox 690 2138 723 2177; x_wconf 82' lang='grc' dir='ltr'><strong>τε</strong></span> <span class='ocrx_word' id='word_1_168' title='bbox 740 2110 835 2179; x_wconf 76' lang='lat' dir='ltr'><strong>sosio</strong></span> <span class='ocrx_word' id='word_1_169' title='bbox 855 2114 1003 2199; x_wconf 68' lang='grc' dir='ltr'><strong>σκίρτημα</strong></span> <span class='ocrx_word' id='word_1_170' title='bbox 1022 2114 1168 2191; x_wconf 72' lang='grc' dir='ltr'><strong>πολίταις.</strong></span> 
     </span>
     <span class='ocr_line' id='line_1_22' title="bbox 376 2200 1063 2264; baseline 0.003 -2"><span class='ocrx_word' id='word_1_171' title='bbox 376 2202 513 2262; x_wconf 84' lang='lat' dir='ltr'><strong>Saltobit</strong></span> <span class='ocrx_word' id='word_1_172' title='bbox 535 2204 597 2261; x_wconf 80' lang='lat' dir='ltr'><strong>civi</strong></span> <span class='ocrx_word' id='word_1_173' title='bbox 618 2200 735 2260; x_wconf 85' lang='lat' dir='ltr'><strong>saltum</strong></span> <span class='ocrx_word' id='word_1_174' title='bbox 759 2203 892 2261; x_wconf 82' lang='lat' dir='ltr'><strong>saltator</strong></span> <span class='ocrx_word' id='word_1_175' title='bbox 913 2202 1063 2264; x_wconf 84' lang='lat' dir='ltr'><strong>acerbum.</strong></span> 
     </span>
    </p>
   </div>
   <div class='ocr_carea' id='block_1_4' title="bbox 224 2282 1291 2369">
    <p class='ocr_par' dir='ltr' id='par_1_6' title="bbox 224 2282 1291 2369">
     <span class='ocr_line' id='line_1_23' title="bbox 224 2282 1291 2369; baseline -0.002 -22"><span class='ocrx_word' id='word_1_176' title='bbox 224 2288 271 2347; x_wconf 85' lang='lat' dir='ltr'><strong>Do</strong></span> <span class='ocrx_word' id='word_1_177' title='bbox 292 2284 351 2347; x_wconf 79' lang='lat' dir='ltr'><strong>heo</strong></span> <span class='ocrx_word' id='word_1_178' title='bbox 371 2287 568 2348; x_wconf 84' lang='lat' dir='ltr'><strong>inundatione</strong></span> <span class='ocrx_word' id='word_1_179' title='bbox 589 2288 656 2347; x_wconf 85' lang='lat' dir='ltr'><strong>fuse</strong></span> <span class='ocrx_word' id='word_1_180' title='bbox 677 2288 700 2345; x_wconf 97' lang='lat' dir='ltr'><strong>l.</strong></span> <span class='ocrx_word' id='word_1_181' title='bbox 720 2289 744 2349; x_wconf 81' lang='lat'><strong>2</strong></span> <span class='ocrx_word' id='word_1_182' title='bbox 765 2286 857 2347; x_wconf 75' lang='lat' dir='ltr'><strong>tedii.</strong></span> <span class='ocrx_word' id='word_1_183' title='bbox 879 2298 910 2346; x_wconf 85' lang='lat' dir='ltr'><strong>et</strong></span> <span class='ocrx_word' id='word_1_184' title='bbox 930 2286 1005 2347; x_wconf 87' lang='lat' dir='ltr'><strong>ibid.</strong></span> <span class='ocrx_word' id='word_1_185' title='bbox 1025 2287 1049 2345; x_wconf 96' lang='lat' dir='ltr'><strong>l.</strong></span> <span class='ocrx_word' id='word_1_186' title='bbox 1071 2285 1091 2352; x_wconf 84' lang='lat'><strong>6</strong></span> <span class='ocrx_word' id='word_1_187' title='bbox 1113 2285 1152 2345; x_wconf 88' lang='lat' dir='ltr'><strong>de</strong></span> <span class='ocrx_word' id='word_1_188' title='bbox 1173 2282 1291 2369; x_wconf 79' lang='lat' dir='ltr'><strong>Cydno.</strong></span> 
     </span>
    </p>
   </div>
   <div class='ocr_carea' id='block_1_5' title="bbox 115 2403 1335 3257">
    <p class='ocr_par' dir='ltr' id='par_1_7' title="bbox 221 2403 1335 3007">
     <span class='ocr_line' id='line_1_24' title="bbox 306 2403 1335 2485; baseline -0.005 -17"><span class='ocrx_word' id='word_1_189' title='bbox 306 2411 343 2468; x_wconf 90' lang='lat' dir='ltr'><strong>P.</strong></span> <span class='ocrx_word' id='word_1_190' title='bbox 365 2412 436 2483; x_wconf 76' lang='lat'><strong>112,</strong></span> <span class='ocrx_word' id='word_1_191' title='bbox 456 2412 488 2472; x_wconf 85' lang='lat'><strong>9.</strong></span> <span class='ocrx_word' id='word_1_192' title='bbox 530 2407 745 2469; x_wconf 74' lang='lat' dir='ltr'><strong>lastinianum</strong></span> <span class='ocrx_word' id='word_1_193' title='bbox 766 2408 800 2466; x_wconf 84' lang='lat' dir='ltr'><strong>irs</strong></span> <span class='ocrx_word' id='word_1_194' title='bbox 821 2403 920 2465; x_wconf 79' lang='lat' dir='ltr'><strong>medio</strong></span> <span class='ocrx_word' id='word_1_195' title='bbox 941 2416 1092 2465; x_wconf 73' lang='lat' dir='ltr'><strong>estonum</strong></span> <span class='ocrx_word' id='word_1_196' title='bbox 1099 2404 1196 2485; x_wconf 84' lang='lat' dir='ltr'><strong>freto,</strong></span> <span class='ocrx_word' id='word_1_197' title='bbox 1218 2416 1335 2464; x_wconf 66' lang='lat' dir='ltr'><strong>totam</strong></span> 
     </span>
     <span class='ocr_line' id='line_1_25' title="bbox 225 2493 1335 2573; baseline 0.001 -23"><span class='ocrx_word' id='word_1_198' title='bbox 225 2514 283 2572; x_wconf 80' lang='lat' dir='ltr'><strong>que</strong></span> <span class='ocrx_word' id='word_1_199' title='bbox 311 2496 553 2573; x_wconf 68' lang='lat' dir='ltr'><strong>ingurgitarunt</strong></span> <span class='ocrx_word' id='word_1_200' title='bbox 580 2494 678 2551; x_wconf 80' lang='lat' dir='ltr'><strong>mario</strong></span> <span class='ocrx_word' id='word_1_201' title='bbox 702 2493 786 2571; x_wconf 82' lang='lat' dir='ltr'><strong>cim]</strong></span> <span class='ocrx_word' id='word_1_202' title='bbox 813 2493 939 2553; x_wconf 81' lang='lat' dir='ltr'><strong>Amicus</strong></span> <span class='ocrx_word' id='word_1_203' title='bbox 965 2493 1018 2551; x_wconf 86' lang='lat' dir='ltr'><strong>ille</strong></span> <span class='ocrx_word' id='word_1_204' title='bbox 1039 2493 1178 2571; x_wconf 89' lang='lat' dir='ltr'><strong>Procopii</strong></span> <span class='ocrx_word' id='word_1_205' title='bbox 1205 2512 1262 2571; x_wconf 88' lang='lat' dir='ltr'><strong>per</strong></span> <span class='ocrx_word' id='word_1_206' title='bbox 1281 2512 1335 2551; x_wconf 89' lang='lat' dir='ltr'><strong>so-</strong></span> 
     </span>
     <span class='ocr_line' id='line_1_26' title="bbox 223 2576 1333 2657; baseline 0 -22"><span class='ocrx_word' id='word_1_207' title='bbox 223 2580 342 2637; x_wconf 86' lang='lat' dir='ltr'><strong>mnium</strong></span> <span class='ocrx_word' id='word_1_208' title='bbox 363 2576 396 2635; x_wconf 91' lang='lat' dir='ltr'><strong>id</strong></span> <span class='ocrx_word' id='word_1_209' title='bbox 416 2576 509 2653; x_wconf 82' lang='lat' dir='ltr'><strong>vidit3</strong></span> <span class='ocrx_word' id='word_1_210' title='bbox 541 2576 687 2656; x_wconf 74' lang='lat' dir='ltr'><strong>Agathies</strong></span> <span class='ocrx_word' id='word_1_211' title='bbox 715 2596 787 2637; x_wconf 79' lang='lat' dir='ltr'><strong>vero</strong></span> <span class='ocrx_word' id='word_1_212' title='bbox 809 2576 893 2657; x_wconf 86' lang='lat' dir='ltr'><strong>quod</strong></span> <span class='ocrx_word' id='word_1_213' title='bbox 911 2578 1043 2656; x_wconf 77' lang='lat' dir='ltr'><strong>vigilent</strong></span> <span class='ocrx_word' id='word_1_214' title='bbox 1063 2577 1255 2651; x_wconf 74' lang='lat' dir='ltr'><strong>observaret,</strong></span> <span class='ocrx_word' id='word_1_215' title='bbox 1279 2596 1333 2635; x_wconf 81' lang='lat' dir='ltr'><strong>es-</strong></span> 
     </span>
     <span class='ocr_line' id='line_1_27' title="bbox 224 2656 1332 2745; baseline 0.004 -24"><span class='ocrx_word' id='word_1_216' title='bbox 224 2662 295 2721; x_wconf 88' lang='lat' dir='ltr'><strong>dem</strong></span> <span class='ocrx_word' id='word_1_217' title='bbox 320 2664 481 2723; x_wconf 81' lang='lat' dir='ltr'><strong>rerhorum</strong></span> <span class='ocrx_word' id='word_1_218' title='bbox 500 2664 697 2723; x_wconf 73' lang='lat' dir='ltr'><strong>translations</strong></span> <span class='ocrx_word' id='word_1_219' title='bbox 719 2661 882 2723; x_wconf 73' lang='lat' dir='ltr'><strong>declaravit</strong></span> <span class='ocrx_word' id='word_1_220' title='bbox 902 2664 925 2721; x_wconf 97' lang='lat' dir='ltr'><strong>l.</strong></span> <span class='ocrx_word' id='word_1_221' title='bbox 948 2663 968 2726; x_wconf 87' lang='lat'>5</span> <span class='ocrx_word' id='word_1_222' title='bbox 988 2672 1135 2722; x_wconf 80' lang='lat' dir='ltr'><strong>extremo.</strong></span> <span class='ocrx_word' id='word_1_223' title='bbox 1179 2656 1332 2745; x_wconf 68' lang='grc' dir='ltr'><strong><em>Καθάπερ</em></strong></span> 
     </span>
     <span class='ocr_line' id='line_1_28' title="bbox 223 2742 1332 2835; baseline -0.001 -24"><span class='ocrx_word' id='word_1_224' title='bbox 223 2746 259 2811; x_wconf 70' lang='grc' dir='ltr'><strong>ἐν</strong></span> <span class='ocrx_word' id='word_1_225' title='bbox 287 2750 451 2835; x_wconf 73' lang='grc' dir='ltr'><strong><em>παλιρροίρι</em></strong></span> <span class='ocrx_word' id='word_1_226' title='bbox 476 2742 616 2825; x_wconf 77' lang='lat' dir='ltr'><strong>o‘icirov,</strong></span> <span class='ocrx_word' id='word_1_227' title='bbox 645 2742 719 2812; x_wconf 70' lang='lat' dir='ltr'><strong>arist</strong></span> <span class='ocrx_word' id='word_1_228' title='bbox 747 2745 787 2828; x_wconf 71' lang='lat' dir='ltr'><strong>iri</strong></span> <span class='ocrx_word' id='word_1_229' title='bbox 813 2744 847 2811; x_wconf 80' lang='lat' dir='ltr'><strong>si</strong></span> <span class='ocrx_word' id='word_1_230' title='bbox 874 2746 982 2830; x_wconf 72' lang='grc' dir='ltr'><strong><em>μέτρον</em></strong></span> <span class='ocrx_word' id='word_1_231' title='bbox 1008 2752 1064 2829; x_wconf 77' lang='grc' dir='ltr'><strong>τῆς</strong></span> <span class='ocrx_word' id='word_1_232' title='bbox 1090 2748 1332 2828; x_wconf 71' lang='grc' dir='ltr'><strong>παρασχεθείνρς</strong></span> 
     </span>
     <span class='ocr_line' id='line_1_29' title="bbox 223 2826 1332 2917; baseline 0.001 -21"><span class='ocrx_word' id='word_1_233' title='bbox 223 2840 290 2909; x_wconf 74' lang='grc' dir='ltr'><strong>τοῖς</strong></span> <span class='ocrx_word' id='word_1_234' title='bbox 315 2831 445 2917; x_wconf 77' lang='grc' dir='ltr'><em>τάγμασι</em></span> <span class='ocrx_word' id='word_1_235' title='bbox 472 2834 680 2917; x_wconf 72' lang='lat' dir='ltr'><strong>iocpopocior</strong></span> <span class='ocrx_word' id='word_1_236' title='bbox 710 2826 768 2897; x_wconf 78' lang='lat' dir='ltr'><strong>otiu</strong></span> <span class='ocrx_word' id='word_1_237' title='bbox 798 2826 861 2896; x_wconf 77' lang='grc' dir='ltr'><strong>οἶδ’</strong></span> <span class='ocrx_word' id='word_1_238' title='bbox 882 2828 987 2897; x_wconf 77' lang='grc' dir='ltr'><strong><em>ὅντινα</em></strong></span> <span class='ocrx_word' id='word_1_239' title='bbox 1007 2826 1123 2913; x_wconf 78' lang='grc' dir='ltr'><strong><em>τρόπον</em></strong></span> <span class='ocrx_word' id='word_1_240' title='bbox 1143 2831 1175 2908; x_wconf 72' lang='lat' dir='ltr'><strong>ir</strong></span> <span class='ocrx_word' id='word_1_241' title='bbox 1195 2828 1332 2913; x_wconf 65' lang='lat' dir='ltr'><strong>roim-</strong></span> 
     </span>
     <span class='ocr_line' id='line_1_30' title="bbox 221 2912 1331 3007; baseline -0.005 -26"><span class='ocrx_word' id='word_1_242' title='bbox 221 2922 270 2981; x_wconf 76' lang='grc' dir='ltr'><strong>λιν</strong></span> <span class='ocrx_word' id='word_1_243' title='bbox 291 2914 520 3001; x_wconf 72' lang='grc' dir='ltr'><strong><em>μετωχετεόετο,</em></strong></span> <span class='ocrx_word' id='word_1_244' title='bbox 549 2920 602 2983; x_wconf 76' lang='lat' dir='ltr'><strong>sci</strong></span> <span class='ocrx_word' id='word_1_245' title='bbox 623 2912 752 3007; x_wconf 67' lang='grc' dir='ltr'><strong>ἐπανῄει</strong></span> <span class='ocrx_word' id='word_1_246' title='bbox 774 2912 851 2981; x_wconf 74' lang='grc' dir='ltr'><strong>ὅθεν</strong></span> <span class='ocrx_word' id='word_1_247' title='bbox 873 2915 913 2997; x_wconf 70' lang='lat' dir='ltr'><strong>dri</strong></span> <span class='ocrx_word' id='word_1_248' title='bbox 935 2916 987 2980; x_wconf 81' lang='lat' dir='ltr'><strong>sci</strong></span> <span class='ocrx_word' id='word_1_249' title='bbox 1008 2913 1112 3000; x_wconf 68' lang='grc' dir='ltr'><strong>ἐρρύη.</strong></span> <span class='ocrx_word' id='word_1_250' title='bbox 1154 2920 1244 2978; x_wconf 80' lang='lat' dir='ltr'><strong>Haec</strong></span> <span class='ocrx_word' id='word_1_251' title='bbox 1264 2929 1331 2977; x_wconf 83' lang='lat' dir='ltr'><strong>tcta</strong></span> 
     </span>
    </p>

    <p class='ocr_par' dir='ltr' id='par_1_8' title="bbox 115 3002 1332 3257">
     <span class='ocr_line' id='line_1_31' title="bbox 115 3002 1332 3087; baseline 0.002 -28"><span class='ocrx_word' id='word_1_252' title='bbox 115 3002 206 3059; x_wconf 76' lang='lat' dir='ltr'><strong>Pttt</strong></span> <span class='ocrx_word' id='word_1_253' title='bbox 223 3024 347 3064; x_wconf 81' lang='lat' dir='ltr'><strong>summo</strong></span> <span class='ocrx_word' id='word_1_254' title='bbox 366 3003 591 3087; x_wconf 79' lang='lat' dir='ltr'><strong>etipmdiorum</strong></span> <span class='ocrx_word' id='word_1_255' title='bbox 618 3024 698 3085; x_wconf 82' lang='lat' dir='ltr'><strong>quac</strong></span> <span class='ocrx_word' id='word_1_256' title='bbox 718 3004 870 3063; x_wconf 75' lang='lat' dir='ltr'><strong>militibus</strong></span> <span class='ocrx_word' id='word_1_257' title='bbox 888 3004 1123 3081; x_wconf 75' lang='lat' dir='ltr'><strong>numerabatur,</strong></span> <span class='ocrx_word' id='word_1_258' title='bbox 1152 3003 1240 3085; x_wconf 82' lang='lat' dir='ltr'><strong>quod</strong></span> <span class='ocrx_word' id='word_1_259' title='bbox 1257 3003 1332 3063; x_wconf 75' lang='lat' dir='ltr'><strong>solet</strong></span> 
     </span>
     <span class='ocr_line' id='line_1_32' title="bbox 221 3091 1331 3173; baseline 0 -24"><span class='ocrx_word' id='word_1_260' title='bbox 221 3093 256 3149; x_wconf 84' lang='lat' dir='ltr'><strong>in</strong></span> <span class='ocrx_word' id='word_1_261' title='bbox 274 3092 371 3173; x_wconf 77' lang='lat' dir='ltr'><strong>fluxu</strong></span> <span class='ocrx_word' id='word_1_262' title='bbox 392 3112 550 3171; x_wconf 82' lang='lat' dir='ltr'><strong>aquarum</strong></span> <span class='ocrx_word' id='word_1_263' title='bbox 571 3101 665 3171; x_wconf 79' lang='lat' dir='ltr'><strong>atque</strong></span> <span class='ocrx_word' id='word_1_264' title='bbox 685 3091 807 3171; x_wconf 67' lang='lat' dir='ltr'><strong>refluxu</strong></span> <span class='ocrx_word' id='word_1_265' title='bbox 826 3091 1016 3170; x_wconf 74' lang='lat' dir='ltr'><strong>contingere,</strong></span> <span class='ocrx_word' id='word_1_266' title='bbox 1036 3102 1202 3150; x_wconf 80' lang='lat' dir='ltr'><strong>retrorsum</strong></span> <span class='ocrx_word' id='word_1_267' title='bbox 1220 3110 1331 3149; x_wconf 81' lang='lat' dir='ltr'><strong>mauc-</strong></span> 
     </span>
     <span class='ocr_line' id='line_1_33' title="bbox 222 3168 1293 3257; baseline -0.003 -22"><span class='ocrx_word' id='word_1_268' title='bbox 222 3174 294 3255; x_wconf 82' lang='lat' dir='ltr'><strong>bot,</strong></span> <span class='ocrx_word' id='word_1_269' title='bbox 317 3175 500 3235; x_wconf 75' lang='lat' dir='ltr'><strong>actoridem</strong></span> <span class='ocrx_word' id='word_1_270' title='bbox 524 3198 556 3235; x_wconf 79' lang='lat' dir='ltr'><strong>eo</strong></span> <span class='ocrx_word' id='word_1_271' title='bbox 579 3174 660 3235; x_wconf 80' lang='lat' dir='ltr'><strong>unde</strong></span> <span class='ocrx_word' id='word_1_272' title='bbox 679 3173 850 3257; x_wconf 78' lang='lat' dir='ltr'><strong>defluxerat</strong></span> <span class='ocrx_word' id='word_1_273' title='bbox 870 3175 1026 3255; x_wconf 76' lang='lat' dir='ltr'><strong>refluebat.</strong></span> <span class='ocrx_word' id='word_1_274' title='bbox 1287 3168 1293 3180; x_wconf 84' lang='grc'><strong>’</strong></span> 
     </span>
    </p>
   </div>
   <div class='ocr_carea' id='block_1_6' title="bbox 131 3274 1331 4389">
    <p class='ocr_par' dir='ltr' id='par_1_9' title="bbox 131 3274 1331 4389">
     <span class='ocr_line' id='line_1_34' title="bbox 306 3274 1328 3355; baseline -0.005 -16"><span class='ocrx_word' id='word_1_275' title='bbox 306 3282 342 3339; x_wconf 91' lang='grc' dir='ltr'><strong>Ρ.</strong></span> <span class='ocrx_word' id='word_1_276' title='bbox 364 3282 435 3354; x_wconf 82' lang='grc'><strong>118,</strong></span> <span class='ocrx_word' id='word_1_277' title='bbox 457 3282 490 3342; x_wconf 78' lang='lat'><strong>2.</strong></span> <span class='ocrx_word' id='word_1_278' title='bbox 531 3280 669 3339; x_wconf 76' lang='lat' dir='ltr'><strong>Morinis</strong></span> <span class='ocrx_word' id='word_1_279' title='bbox 690 3280 816 3337; x_wconf 72' lang='lat' dir='ltr'><strong>minime</strong></span> <span class='ocrx_word' id='word_1_280' title='bbox 835 3278 1016 3337; x_wconf 71' lang='lat' dir='ltr'><strong>accessoriis</strong></span> <span class='ocrx_word' id='word_1_281' title='bbox 1035 3274 1328 3355; x_wconf 69' lang='lat' dir='ltr'><strong>submructiorsiiru]</strong></span> 
     </span>
     <span class='ocr_line' id='line_1_35' title="bbox 219 3360 1329 3445; baseline -0.003 -23"><span class='ocrx_word' id='word_1_282' title='bbox 219 3365 290 3423; x_wconf 79' lang='lat' dir='ltr'><strong>Alis</strong></span> <span class='ocrx_word' id='word_1_283' title='bbox 311 3366 470 3425; x_wconf 86' lang='lat' dir='ltr'><strong>Iustiniani</strong></span> <span class='ocrx_word' id='word_1_284' title='bbox 498 3364 634 3423; x_wconf 77' lang='lat' dir='ltr'><strong>aedificio</strong></span> <span class='ocrx_word' id='word_1_285' title='bbox 654 3366 731 3423; x_wconf 84' lang='lat' dir='ltr'><strong>mire</strong></span> <span class='ocrx_word' id='word_1_286' title='bbox 758 3366 923 3445; x_wconf 70' lang='lat' dir='ltr'><strong>Procopius</strong></span> <span class='ocrx_word' id='word_1_287' title='bbox 945 3363 1124 3438; x_wconf 74' lang='lat' dir='ltr'><strong>celebravit,</strong></span> <span class='ocrx_word' id='word_1_288' title='bbox 1153 3360 1213 3420; x_wconf 86' lang='lat' dir='ltr'><strong>hoo</strong></span> <span class='ocrx_word' id='word_1_289' title='bbox 1233 3382 1329 3421; x_wconf 87' lang='lat' dir='ltr'><strong>unum</strong></span> 
     </span>
     <span class='ocr_line' id='line_1_36' title="bbox 131 3448 1330 3530; baseline 0.003 -27"><span class='ocrx_word' id='word_1_290' title='bbox 131 3449 206 3505; x_wconf 86' lang='grc' dir='ltr'><strong>Δ91</strong></span> <span class='ocrx_word' id='word_1_291' title='bbox 224 3452 400 3530; x_wconf 72' lang='lat' dir='ltr'><strong>saepissime</strong></span> <span class='ocrx_word' id='word_1_292' title='bbox 421 3452 454 3509; x_wconf 91' lang='lat' dir='ltr'><strong>in</strong></span> <span class='ocrx_word' id='word_1_293' title='bbox 477 3448 535 3509; x_wconf 86' lang='lat' dir='ltr'><strong>huc</strong></span> <span class='ocrx_word' id='word_1_294' title='bbox 556 3450 681 3509; x_wconf 79' lang='lat' dir='ltr'><strong>historin</strong></span> <span class='ocrx_word' id='word_1_295' title='bbox 701 3452 861 3528; x_wconf 79' lang='lat' dir='ltr'><strong>vituperet,</strong></span> <span class='ocrx_word' id='word_1_296' title='bbox 883 3448 965 3530; x_wconf 87' lang='lat' dir='ltr'><strong>quod</strong></span> <span class='ocrx_word' id='word_1_297' title='bbox 984 3448 1132 3507; x_wconf 78' lang='lat' dir='ltr'><strong>infinitum</strong></span> <span class='ocrx_word' id='word_1_298' title='bbox 1151 3450 1216 3505; x_wconf 81' lang='lat' dir='ltr'><strong>vim</strong></span> <span class='ocrx_word' id='word_1_299' title='bbox 1235 3468 1330 3528; x_wconf 87' lang='lat' dir='ltr'><strong>pecu·</strong></span> 
     </span>
     <span class='ocr_line' id='line_1_37' title="bbox 222 3534 1328 3616; baseline -0.005 -21"><span class='ocrx_word' id='word_1_300' title='bbox 222 3540 343 3595; x_wconf 82' lang='lat' dir='ltr'><strong>nicrum</strong></span> <span class='ocrx_word' id='word_1_301' title='bbox 361 3538 395 3594; x_wconf 90' lang='lat' dir='ltr'><strong>in</strong></span> <span class='ocrx_word' id='word_1_302' title='bbox 414 3534 493 3594; x_wconf 89' lang='lat' dir='ltr'><strong>illud</strong></span> <span class='ocrx_word' id='word_1_303' title='bbox 513 3538 695 3597; x_wconf 75' lang='lat' dir='ltr'><strong>lastinianus</strong></span> <span class='ocrx_word' id='word_1_304' title='bbox 716 3538 921 3616; x_wconf 83' lang='lat' dir='ltr'><strong>insumpserit,</strong></span> <span class='ocrx_word' id='word_1_305' title='bbox 941 3537 1090 3614; x_wconf 81' lang='lat' dir='ltr'><strong>voluptati</strong></span> <span class='ocrx_word' id='word_1_306' title='bbox 1105 3535 1215 3613; x_wconf 88' lang='lat' dir='ltr'><strong>potius,</strong></span> <span class='ocrx_word' id='word_1_307' title='bbox 1240 3544 1328 3613; x_wconf 86' lang='lat' dir='ltr'><strong>etque</strong></span> 
     </span>
     <span class='ocr_line' id='line_1_38' title="bbox 223 3615 1329 3701; baseline -0.004 -20"><span class='ocrx_word' id='word_1_308' title='bbox 223 3621 357 3696; x_wconf 88' lang='lat' dir='ltr'><strong>deliciis,</strong></span> <span class='ocrx_word' id='word_1_309' title='bbox 389 3631 424 3680; x_wconf 89' lang='lat' dir='ltr'><strong>ut</strong></span> <span class='ocrx_word' id='word_1_310' title='bbox 452 3642 543 3701; x_wconf 81' lang='lat' dir='ltr'><strong>suprt</strong></span> <span class='ocrx_word' id='word_1_311' title='bbox 570 3620 704 3681; x_wconf 84' lang='lat' dir='ltr'><strong>diximus</strong></span> <span class='ocrx_word' id='word_1_312' title='bbox 732 3618 773 3678; x_wconf 78' lang='lat' dir='ltr'><strong>sd</strong></span> <span class='ocrx_word' id='word_1_313' title='bbox 792 3642 830 3701; x_wconf 87' lang='lat' dir='ltr'><strong>p.</strong></span> <span class='ocrx_word' id='word_1_314' title='bbox 851 3621 895 3684; x_wconf 82' lang='lat'><strong>70</strong></span> <span class='ocrx_word' id='word_1_315' title='bbox 921 3640 1015 3701; x_wconf 80' lang='lat' dir='ltr'><strong>quem</strong></span> <span class='ocrx_word' id='word_1_316' title='bbox 1037 3615 1177 3699; x_wconf 75' lang='lat' dir='ltr'><strong>publicae</strong></span> <span class='ocrx_word' id='word_1_317' title='bbox 1197 3620 1329 3678; x_wconf 73' lang='lat' dir='ltr'><strong>utilitati.</strong></span> 
     </span>
     <span class='ocr_line' id='line_1_39' title="bbox 221 3706 1330 3788; baseline -0.004 -21"><span class='ocrx_word' id='word_1_318' title='bbox 221 3710 300 3767; x_wconf 80' lang='lat' dir='ltr'><strong>Nom</strong></span> <span class='ocrx_word' id='word_1_319' title='bbox 324 3709 391 3767; x_wconf 82' lang='lat' dir='ltr'><strong>aliis</strong></span> <span class='ocrx_word' id='word_1_320' title='bbox 413 3706 512 3767; x_wconf 76' lang='lat' dir='ltr'><strong>adhuc</strong></span> <span class='ocrx_word' id='word_1_321' title='bbox 532 3708 658 3787; x_wconf 81' lang='lat' dir='ltr'><strong>integris</strong></span> <span class='ocrx_word' id='word_1_322' title='bbox 679 3708 843 3788; x_wconf 89' lang='lat' dir='ltr'><strong>portubus,</strong></span> <span class='ocrx_word' id='word_1_323' title='bbox 869 3706 967 3764; x_wconf 60' lang='lat' dir='ltr'><strong>tutu«</strong></span> <span class='ocrx_word' id='word_1_324' title='bbox 992 3707 1119 3785; x_wconf 88' lang='lat' dir='ltr'><strong>(quippe</strong></span> <span class='ocrx_word' id='word_1_325' title='bbox 1142 3724 1203 3765; x_wconf 89' lang='lat' dir='ltr'><strong>non</strong></span> <span class='ocrx_word' id='word_1_326' title='bbox 1224 3723 1330 3763; x_wconf 83' lang='lat' dir='ltr'><strong>neces-</strong></span> 
     </span>
     <span class='ocr_line' id='line_1_40' title="bbox 220 3789 1331 3874; baseline -0.003 -25"><span class='ocrx_word' id='word_1_327' title='bbox 220 3791 306 3872; x_wconf 74' lang='lat' dir='ltr'><strong>sarii)</strong></span> <span class='ocrx_word' id='word_1_328' title='bbox 328 3794 372 3851; x_wconf 86' lang='lat' dir='ltr'><strong>ad</strong></span> <span class='ocrx_word' id='word_1_329' title='bbox 382 3793 465 3853; x_wconf 74' lang='lat' dir='ltr'><strong>hono</strong></span> <span class='ocrx_word' id='word_1_330' title='bbox 481 3814 579 3874; x_wconf 75' lang='lat' dir='ltr'><strong>usque</strong></span> <span class='ocrx_word' id='word_1_331' title='bbox 599 3791 680 3851; x_wconf 75' lang='lat' dir='ltr'><strong>diem</strong></span> <span class='ocrx_word' id='word_1_332' title='bbox 694 3793 820 3851; x_wconf 85' lang='lat' dir='ltr'><strong>molium</strong></span> <span class='ocrx_word' id='word_1_333' title='bbox 841 3802 869 3850; x_wconf 86' lang='lat' dir='ltr'><strong>et</strong></span> <span class='ocrx_word' id='word_1_334' title='bbox 888 3789 1082 3851; x_wconf 78' lang='lat' dir='ltr'><strong>brachiorum</strong></span> <span class='ocrx_word' id='word_1_335' title='bbox 1104 3792 1238 3869; x_wconf 71' lang='lat' dir='ltr'><strong>vestigio</strong></span> <span class='ocrx_word' id='word_1_336' title='bbox 1258 3791 1331 3869; x_wconf 81' lang='lat' dir='ltr'><strong>qui·</strong></span> 
     </span>
     <span class='ocr_line' id='line_1_41' title="bbox 221 3875 1330 3959; baseline -0.002 -23"><span class='ocrx_word' id='word_1_337' title='bbox 221 3875 291 3936; x_wconf 84' lang='lat' dir='ltr'><strong>dem</strong></span> <span class='ocrx_word' id='word_1_338' title='bbox 313 3888 435 3954; x_wconf 77' lang='lat' dir='ltr'><strong>extant,</strong></span> <span class='ocrx_word' id='word_1_339' title='bbox 457 3899 574 3959; x_wconf 81' lang='lat' dir='ltr'><strong>magno</strong></span> <span class='ocrx_word' id='word_1_340' title='bbox 595 3888 697 3938; x_wconf 82' lang='lat' dir='ltr'><strong>tamen</strong></span> <span class='ocrx_word' id='word_1_341' title='bbox 717 3889 859 3958; x_wconf 77' lang='lat' dir='ltr'><strong>exparte</strong></span> <span class='ocrx_word' id='word_1_342' title='bbox 877 3875 999 3951; x_wconf 83' lang='lat' dir='ltr'><strong>diruta,</strong></span> <span class='ocrx_word' id='word_1_343' title='bbox 1022 3897 1101 3957; x_wconf 83' lang='lat' dir='ltr'><strong>quae</strong></span> <span class='ocrx_word' id='word_1_344' title='bbox 1122 3876 1243 3935; x_wconf 73' lang='lat' dir='ltr'><strong>nullm</strong></span> <span class='ocrx_word' id='word_1_345' title='bbox 1264 3887 1330 3934; x_wconf 84' lang='lat' dir='ltr'><strong>sta-</strong></span> 
     </span>
     <span class='ocr_line' id='line_1_42' title="bbox 221 3958 1328 4039; baseline -0.003 -19"><span class='ocrx_word' id='word_1_346' title='bbox 221 3965 335 4020; x_wconf 84' lang='lat' dir='ltr'><strong>tionem</strong></span> <span class='ocrx_word' id='word_1_347' title='bbox 355 3962 489 4023; x_wconf 80' lang='lat' dir='ltr'><strong>nooibus</strong></span> <span class='ocrx_word' id='word_1_348' title='bbox 510 3960 752 4039; x_wconf 76' lang='lat' dir='ltr'><strong>accommodent,</strong></span> <span class='ocrx_word' id='word_1_349' title='bbox 780 3972 814 4022; x_wconf 88' lang='lat' dir='ltr'><strong>nt</strong></span> <span class='ocrx_word' id='word_1_350' title='bbox 832 3964 923 4023; x_wconf 79' lang='lat' dir='ltr'><strong>refert</strong></span> <span class='ocrx_word' id='word_1_351' title='bbox 943 3966 1050 4023; x_wconf 86' lang='lat' dir='ltr'><strong>Petrus</strong></span> <span class='ocrx_word' id='word_1_352' title='bbox 1070 3962 1181 4020; x_wconf 78' lang='lat' dir='ltr'><strong>Gillius</strong></span> <span class='ocrx_word' id='word_1_353' title='bbox 1202 3964 1225 4021; x_wconf 91' lang='lat' dir='ltr'><strong>l.</strong></span> <span class='ocrx_word' id='word_1_354' title='bbox 1247 3960 1269 4024; x_wconf 81' lang='grc'><strong>8</strong></span> <span class='ocrx_word' id='word_1_355' title='bbox 1290 3958 1328 4019; x_wconf 85' lang='lat' dir='ltr'><strong>de</strong></span> 
     </span>
     <span class='ocr_line' id='line_1_43' title="bbox 222 4046 1328 4127; baseline -0.001 -21"><span class='ocrx_word' id='word_1_356' title='bbox 222 4050 357 4127; x_wconf 87' lang='lat' dir='ltr'><strong>Bosporo</strong></span> <span class='ocrx_word' id='word_1_357' title='bbox 378 4046 522 4110; x_wconf 74' lang='lat' dir='ltr'><strong>Thracio.</strong></span> <span class='ocrx_word' id='word_1_358' title='bbox 564 4050 725 4111; x_wconf 71' lang='lat' dir='ltr'><strong>caeterum</strong></span> <span class='ocrx_word' id='word_1_359' title='bbox 745 4048 838 4110; x_wconf 85' lang='lat' dir='ltr'><strong>huius</strong></span> <span class='ocrx_word' id='word_1_360' title='bbox 859 4060 890 4109; x_wconf 85' lang='lat' dir='ltr'><strong>et</strong></span> <span class='ocrx_word' id='word_1_361' title='bbox 910 4050 1038 4107; x_wconf 79' lang='lat' dir='ltr'><strong>oliorum</strong></span> <span class='ocrx_word' id='word_1_362' title='bbox 1060 4050 1200 4107; x_wconf 89' lang='lat' dir='ltr'><strong>omnium</strong></span> <span class='ocrx_word' id='word_1_363' title='bbox 1220 4048 1328 4107; x_wconf 87' lang='lat' dir='ltr'><strong>subur-</strong></span> 
     </span>
     <span class='ocr_line' id='line_1_44' title="bbox 222 4134 1329 4218; baseline -0.001 -27"><span class='ocrx_word' id='word_1_364' title='bbox 222 4134 371 4193; x_wconf 77' lang='lat' dir='ltr'><strong>banorum</strong></span> <span class='ocrx_word' id='word_1_365' title='bbox 398 4135 526 4210; x_wconf 88' lang='lat' dir='ltr'><strong>luxum,</strong></span> <span class='ocrx_word' id='word_1_366' title='bbox 556 4156 634 4218; x_wconf 79' lang='lat' dir='ltr'><strong>quoe</strong></span> <span class='ocrx_word' id='word_1_367' title='bbox 656 4135 714 4195; x_wconf 89' lang='lat' dir='ltr'><strong>sibi</strong></span> <span class='ocrx_word' id='word_1_368' title='bbox 736 4146 823 4194; x_wconf 74' lang='lat' dir='ltr'><strong>extre</strong></span> <span class='ocrx_word' id='word_1_369' title='bbox 843 4135 950 4194; x_wconf 85' lang='lat' dir='ltr'><strong>urbem</strong></span> <span class='ocrx_word' id='word_1_370' title='bbox 970 4136 1152 4215; x_wconf 71' lang='lat' dir='ltr'><strong>Byzantium</strong></span> <span class='ocrx_word' id='word_1_371' title='bbox 1171 4143 1329 4212; x_wconf 70' lang='lat' dir='ltr'><strong>magnetes</strong></span> 
     </span>
     <span class='ocr_line' id='line_1_45' title="bbox 222 4217 1328 4302; baseline 0.003 -25"><span class='ocrx_word' id='word_1_372' title='bbox 222 4217 429 4294; x_wconf 69' lang='lat' dir='ltr'><strong>aedificabant,</strong></span> <span class='ocrx_word' id='word_1_373' title='bbox 451 4220 542 4279; x_wconf 74' lang='lat' dir='ltr'><strong>sliam</strong></span> <span class='ocrx_word' id='word_1_374' title='bbox 563 4221 601 4280; x_wconf 90' lang='lat' dir='ltr'><strong>ob</strong></span> <span class='ocrx_word' id='word_1_375' title='bbox 623 4240 747 4281; x_wconf 83' lang='lat' dir='ltr'><strong>ceossm</strong></span> <span class='ocrx_word' id='word_1_376' title='bbox 762 4224 933 4302; x_wconf 76' lang='lat' dir='ltr'><strong>vituperare</strong></span> <span class='ocrx_word' id='word_1_377' title='bbox 949 4221 1116 4299; x_wconf 86' lang='lat' dir='ltr'><strong>Procopius</strong></span> <span class='ocrx_word' id='word_1_378' title='bbox 1132 4217 1254 4278; x_wconf 82' lang='lat' dir='ltr'><strong>videtur</strong></span> <span class='ocrx_word' id='word_1_379' title='bbox 1270 4220 1293 4277; x_wconf 82' lang='lat'><strong>1.</strong></span> <span class='ocrx_word' id='word_1_380' title='bbox 1306 4217 1328 4280; x_wconf 76' lang='grc'><strong>4</strong></span> 
     </span>
     <span class='ocr_line' id='line_1_46' title="bbox 224 4302 1327 4389; baseline 0 -26"><span class='ocrx_word' id='word_1_381' title='bbox 224 4302 316 4367; x_wconf 81' lang='lat' dir='ltr'><strong>redii.</strong></span> <span class='ocrx_word' id='word_1_382' title='bbox 344 4304 426 4389; x_wconf 86' lang='lat' dir='ltr'><strong>quod</strong></span> <span class='ocrx_word' id='word_1_383' title='bbox 454 4306 600 4368; x_wconf 85' lang='lat' dir='ltr'><strong>nimirum</strong></span> <span class='ocrx_word' id='word_1_384' title='bbox 622 4326 660 4367; x_wconf 83' lang='lat' dir='ltr'><strong>es</strong></span> <span class='ocrx_word' id='word_1_385' title='bbox 689 4306 799 4369; x_wconf 78' lang='lat' dir='ltr'><strong>reisrts</strong></span> <span class='ocrx_word' id='word_1_386' title='bbox 819 4326 890 4368; x_wconf 85' lang='lat' dir='ltr'><strong>oum</strong></span> <span class='ocrx_word' id='word_1_387' title='bbox 910 4316 1013 4367; x_wconf 80' lang='lat' dir='ltr'><strong>essem</strong></span> <span class='ocrx_word' id='word_1_388' title='bbox 1038 4307 1196 4366; x_wconf 81' lang='lat' dir='ltr'><strong>immensis</strong></span> <span class='ocrx_word' id='word_1_389' title='bbox 1217 4302 1327 4364; x_wconf 87' lang='lat' dir='ltr'><strong>divitiis</strong></span> 
     </span>
    </p>
   </div>
   <div class='ocr_carea' id='block_1_7' title="bbox 0 0 1484 4792">
    <p class='ocr_par' dir='ltr' id='par_1_10' title="bbox 0 0 1484 4792">
     <span class='ocr_line' id='line_1_47' title="bbox 0 0 1484 4792; baseline 0 0"><span class='ocrx_word' id='word_1_390' title='bbox 0 0 1484 4792; x_wconf 95' lang='lat' dir='ltr'><strong> </strong></span> 
     </span>
    </p>
   </div>
  </div>
 </body>
</html>
