2959 4792
198 302 261 350 xrv
510 278 711 347 ALEMANNI
731 278 991 348 lllSSElt'lthO.
1112 274 1115 277 ⁴

197 474 259 518 cum
275 450 357 517 lande
371 460 539 526 memorato;
564 472 620 514 non
635 449 701 515 item
721 449 768 514 ubi
787 450 875 516 relcrt
900 450 1058 530 lastiniani,
1077 452 1303 543 Theodoraeqne

197 554 336 631 ladrum
358 554 414 619 imo
435 553 570 639 pleraque
584 552 641 617 hoc
655 552 728 617 libro
743 552 915 639 aProcopio
928 554 1125 641 pmnnrrssa
1143 573 1250 635 uenat,
1272 574 1302 624 ts

198 680 294 723 sorum
319 678 392 744 qnae
407 654 443 720 ab
464 676 501 719 ec
522 655 570 719 bic
589 676 781 742 nonnunquam
800 656 938 721 incuriose
959 657 1126 735 mentm,
1149 660 1211 747 ipss
1227 661 1300 740 loce,

196 772 342 848 tempora,
370 760 491 825 virorum
510 755 637 835 nomina,
668 758 887 845 occasionesque
909 778 1003 823 rerem
1024 772 1167 846 genarum
1191 762 1304 849 insuper

198 860 329 947 explicat.
373 860 408 925 Ut
422 858 506 947 plane
526 857 592 925 bins
606 858 796 949 intelligamus
810 883 866 925 mn
882 881 920 925 sx
938 858 1069 947 Procopii
1090 862 1146 927 hos
1161 862 1238 929 lente
1254 865 1302 929 illa

198 962 323 1027 derium
337 960 431 1027 lusisse,
475 962 596 1027 Saucia
616 984 766 1047 paucorum
780 986 878 1029 manns
896 962 954 1029 hos
968 961 1098 1029 volumen
1116 965 1183 1031 olim
1203 988 1302 1054 perse·

197 1065 275 1131 nime
288 1062 417 1150 probavit
432 1062 578 1151 diligentia
592 1064 733 1129 decorius
746 1066 884 1142 meorum,
906 1064 968 1150 qni,
990 1066 1055 1131 dun
1081 1066 1155 1135 hans
1176 1091 1228 1133 nos
1243 1068 1303 1133 edi·

197 1165 301 1229 tionem
315 1164 497 1249 parabamus,
520 1166 645 1234 sertatim
660 1166 731 1233 Viro
746 1166 916 1252 amplissimo
930 1165 1056 1251 Scipioni
1071 1167 1213 1237 Cmdmali
1231 1172 1303 1235 San·

198 1282 261 1331 ctas
273 1267 417 1333 Sumnuas
436 1268 515 1335 llll.
533 1267 796 1340 bibliothecarium
815 1266 1013 1357 insignioribus
1031 1268 1215 1339 bibliothecis
1231 1272 1305 1337 bunc

88 1412 91 1421 ,
171 1412 177 1418 -
197 1368 296 1434 librum
311 1368 410 1433 lrnstre
424 1368 651 1455 perquisiveruut.
694 1370 869 1438 Posteriores
883 1383 976 1435 auten
991 1371 1131 1448 {liuterich
1153 1372 1309 1459 dqmlem'

197 1467 267 1555 ipsis
280 1468 359 1534 buius
373 1471 455 1557 copia
465 1469 555 1535 libelli
568 1470 679 1548 luisset,
699 1493 735 1540 ea
748 1471 861 1537 minime
874 1473 1088 1551 commisissent,
1109 1490 1183 1554 quse
1196 1490 1235 1535 ex
1247 1469 1304 1533 bac

198 1568 359 1637 historiaiu
379 1570 486 1637 illorum
512 1572 693 1640 monumentis
717 1596 789 1639 nunc
808 1575 982 1640 emendanda
1003 1584 1156 1641 cosumus
1198 1573 1304 1639 Horum

198 1694 267 1737 suns
291 1672 378 1737 video
399 1672 551 1748 neminem,
574 1675 621 1760 qui
644 1675 738 1763 operis
758 1675 874 1743 bunasse
896 1676 1067 1754 meminerit,
1084 1686 1203 1763 praeter
1222 1694 1304 1740 uuum

198 1772 388 1860 Nicephorum
403 1774 526 1849 catice
550 1774 573 1839 is
587 1798 658 1842 uero
671 1798 763 1864 neque
776 1790 977 1866 argumentum,
999 1799 1091 1865 usqm
1100 1777 1204 1843 titulum
1214 1790 1303 1853 reste,
1346 1850 1364 1885 Ι

159 1944 169 1957 ‚
198 1889 330 1963 certeque
357 1876 437 1944 nobis
452 1878 589 1962 explicat,
613 1888 716 1943 tanturn
738 1879 820 1945 abest
834 1893 863 1945 nt
882 1880 1115 1971 'commenarium
1142 1880 1231 1966 ipsum
1251 1878 1303 1943 ali·

199 1978 309 2064 quando
325 1978 438 2065 legerit.
481 1980 557 2045 Unus
570 1979 673 2045 Sullas
687 1994 753 2047 ante
766 1982 871 2069 aliquot
881 1982 975 2056 secula
990 1981 1094 2047 homes
1106 1981 1168 2049 mus
1185 1994 1302 2067 partem,

198 2102 233 2145 ac
247 2080 309 2145 lere
326 2078 535 2145 luculentiorem
549 2083 705 2169 decerpsit,
728 2106 858 2171 qnmex
873 2083 934 2147 eius
950 2083 1138 2149 collectaneis
1154 2082 1220 2149 hinc
1237 2083 1304 2149 inde
1357 2117 1361 2123 ·

19 2262 21 2267 ,
96 2190 185 2247 Pvtt
200 2182 379 2247 recollectam
403 2205 484 2247 nunus
508 2182 537 2247 iu
557 2183 647 2248 locutu
667 2185 704 2251 ad
725 2198 834 2251 nostras
851 2184 940 2249 Notas
961 2186 1142 2263 senissimus,
1170 2198 1200 2249 ut
1219 2207 1302 2273 ergu-

200 2296 295 2349 msnto
322 2283 357 2349 sit
382 2286 501 2353 candens
525 2282 707 2353 Ἀνεκὸότων
727 2286 858 2373 Procopii
886 2288 1037 2355 editionem
1063 2308 1141 2362 esse,
1164 2308 1247 2371 qnam
1274 2297 1305 2351 st

102 2467 105 2477 ⁵
199 2388 301 2455 Snidas
319 2386 431 2463 hebuit,
457 2399 486 2451 et
507 2409 558 2452 nos
580 2387 636 2451 has
657 2388 767 2455 demum
791 2400 885 2453 aetate
904 2389 1058 2477 vulgentur.
1099 2389 1179 2456 Hunc
1192 2388 1304 2475 quidem

68 2504 71 2509 ’
102 2498 106 2507 “
198 2490 369 2577 posteriores
383 2491 513 2557 Historici
533 2492 633 2557 librum
653 2513 708 2557 uon
723 2488 865 2566 uiderunt;
885 2505 983 2577 quous
1001 2502 1096 2555 temen
1111 2491 1227 2576 quique
1241 2488 1303 2555 illo·

200 2615 259 2659 rum
273 2606 329 2670 cst,
352 2593 398 2678 qui
414 2594 542 2686 traditam
555 2594 634 2681 qussi
645 2615 697 2681 per
713 2614 809 2657 manus
823 2594 860 2657 ds
879 2592 1019 2659 iustiniani
1032 2592 1149 2679 flagitiis
1159 2590 1305 2657 historiam

197 2715 254 2757 non
270 2706 396 2780 repetat,
419 2707 502 2783 atque
521 2695 685 2765 confirmet?
707 2695 853 2775 Quaedam
869 2704 1013 2759 uarrmsnt
1025 2691 1216 2779 Theophanes
1228 2695 1303 2760 usu-

197 2817 259 2872 rus,
282 2796 325 2861 vir
338 2798 471 2876 Sanctus,
493 2799 581 2864 Antor
596 2795 729 2863 Chronici
749 2795 948 2873 Alexandrini,
968 2796 1088 2859 loaems
1105 2796 1303 2875 Antiochense,

199 2898 315 2975 scidas
335 2898 466 2967 nonnsulla
484 2899 650 2975 Anastasius
669 2897 916 2976 bibliothecarius,
945 2897 1047 2967 Paulus
1068 2897 1223 2976 tamnu,
1255 2898 1303 2965 si·

200 3000 321 3077 moinum
343 3002 477 3088 pleraque
489 3002 608 3068 locanes
625 3000 767 3077 Zonmas,
790 3000 933 3089 Georgius
945 3001 1106 3078 Cedreess,
1127 3000 1305 3086 Nicephorus

202 3101 324 3180 Callisti,
342 3103 543 3190 Ephrnsmius,
563 3104 665 3191 aliique
679 3102 1011 3176 Chronicerumnutorcs.
1052 3104 1175 3181 Quorum
1184 3101 1306 3169 smmum

132 3211 156 3266 Δ
169 3210 187 3266 6
204 3205 376 3273 narrationes
390 3228 486 3271 eurum
498 3205 619 3273 maxime
635 3204 793 3272 testimonio
805 3206 965 3284 muimnmr,
990 3205 1037 3293 qui
1050 3203 1188 3290 Procopio
1201 3224 1304 3291 aequa·

201 3307 244 3372 les
259 3308 354 3386 lucre,
377 3332 417 3386 nc
433 3310 532 3373 eadem
548 3330 620 3396 quae
636 3306 685 3371 ille
701 3307 738 3371 de
753 3306 902 3373 iustiniano
917 3308 1099 3395 scripserunt,
1121 3305 1228 3371 scilicet
1246 3306 1304 3372 He·

201 3410 312 3501 spcbius
329 3410 476 3489 Milesius,
498 3410 597 3477 Paulus
616 3410 732 3487 Florus,
761 3409 901 3498 Agathino
917 3411 1127 3501 blprrbiuacus,
1148 3408 1305 3475 Menander

201 3513 359 3591 Protector,
380 3512 520 3601 Euagrius
541 3512 746 3591 Scholastisns,
774 3512 894 3579 loannes
910 3510 1156 3599 ,Epiphanisnsia
1184 3510 1305 3600 cyrillus

200 3613 458 3701 Scythopolitanus,
480 3614 655 3701 Theophilus
676 3614 817 3682 Iustiniani
838 3616 1022 3703 Praeceptor,
1050 3612 1223 3681 Innocentius
1241 3613 1303 3677 hla-

200 3715 343 3793 rouianus,
366 3716 523 3783 Eustethius
534 3717 697 3806 Byzantius,
721 3729 751 3785 et
766 3740 803 3783 cx
822 3718 928 3785 Latinis
944 3718 1042 3785 Victor
1061 3716 1224 3793 Tunusnsis,
1238 3714 1303 3781 Fla·

200 3818 261 3883 uius
289 3818 454 3883 Cresconius
482 3819 633 3907 Corippus,
663 3820 819 3911 Gregorius
839 3819 1026 3897 Turonensis,
1047 3818 1196 3883 Liberatus
1223 3815 1305 3894 Aler,

199 3922 345 3987 Facundus
374 3920 596 3997 Hermiauensis,
627 3920 729 4009 aliique
759 3922 931 4010 complures,
953 3930 1075 4009 'quorum
1099 3918 1306 3986 testimoniain

197 4021 278 4087 Notis
292 4022 452 4100 historicis,
476 4034 556 4111 prout
577 4044 623 4089 res
640 4024 702 4110 ipsa
723 4023 888 4109 postulabit,
911 4024 940 4089 in
959 4023 1082 4089 medium
1101 4020 1260 4088 afferemus.

283 4158 342 4222 Sed
356 4180 412 4223 nou
427 4171 470 4223 cst
484 4182 533 4224 cur
546 4171 692 4246 tantopere
702 4156 1103 4225 Historicorum·testimonin1n
1120 4156 1186 4225 licet
1200 4178 1302 4242 aequa·

99 4254 187 4314 v269
203 4256 268 4325 lina
282 4259 503 4365 hisourgesmum
523 4284 587 4329 sumt
603 4260 678 4329 nui
694 4274 795 4341 aces,
817 4262 893 4353 iique
906 4260 1115 4351 locupletissimi
1133 4282 1189 4326 non
1203 4259 1303 4335 desmt,
