2959 4792
198 326 250 373 ιιι
503 302 704 369 Atmaahttt
730 298 989 370 otssEtttttttt

198 473 360 541 lastinianus
374 474 417 539 sic
430 472 791 561 Consentiaopolitanomm
810 471 1031 539 Patriarcbaram
1050 472 1132 541 tantm
1148 497 1184 540 aa
1203 466 1298 562 saper·

200 578 266 643 citio
281 578 417 643 blanditus
430 589 488 654 eat,
517 590 546 641 at
567 576 686 642 loannes
708 576 896 641 Scholastica
911 576 1075 663 Cappatloa
1102 577 1259 653 lastiniam,
1281 600 1301 639 a
1334 610 1338 619 ·

201 702 256 767 quo
271 681 413 766 plurimum
427 678 603 765 diligebatur,
624 678 834 767 llempublicam
846 677 1059 757 administrante,
1079 678 1194 765 primam
1208 679 1298 743 Oeca-

201 782 301 847 memini
330 803 430 846 nomen
454 781 509 845 sibi
536 780 691 867 arrogarit,
721 781 850 868 idemque
876 792 981 857 mam,
1013 793 1177 870 gratamque
1198 780 1301 867 primas

197 884 318 947 omnium
338 882 461 948 Orientis
479 884 679 969 Imperatorum
699 880 842 959 babuerit,
870 894 955 969 atque
975 883 1033 948 sais
1057 882 1301 949 constitutionibus

196 985 358 1051 lastinianus
374 984 549 1071 inscripserit.
577 983 765 1066 Quamobrem
778 983 963 1070 Epiphanius,
993 984 1040 1071 qui
1051 984 1147 1049 loanni
1161 984 1299 1061 mcccssit,

199 1087 331 1173 qnidqmtl
351 1088 379 1151 in
395 1088 534 1153 llomaaos
548 1087 695 1153 Pontifices
715 1108 798 1149 ausas
822 1098 851 1150 ct
869 1087 931 1172 ipse
955 1085 1036 1163 toret,
1063 1087 1101 1152 ita
1123 1086 1176 1150 sibi
1192 1086 1301 1151 facilem

199 1188 373 1253 lastinianum
392 1189 522 1265 tumrum,
541 1188 578 1253 ab
604 1209 695 1273 eoque
711 1186 765 1251 sibi
784 1188 859 1252 adeo
872 1188 942 1254 nihil
958 1189 1022 1253 lore
1038 1186 1186 1254 tinem
1203 1186 1300 1252 intelli

200 1290 304 1377 gebat,
326 1304 354 1357 ut
373 1290 467 1356 loanni
486 1289 635 1357 Ecclesiae
657 1291 800 1355 Romanae
821 1290 947 1354 Pontillci
968 1290 1128 1378 Byzantium
1150 1288 1304 1377 appellanti

201 1392 267 1457 loco
281 1394 384 1457 cedma
398 1391 532 1468 noluerit,
556 1390 658 1475 quao
679 1393 793 1456 tandem
812 1394 856 1474 (at
870 1392 1050 1457 Marcellinus
1070 1392 1211 1458 lastiniani
1229 1394 1303 1457 Can·

128 1496 154 1551 b
169 1494 188 1551 4
204 1495 332 1559 celamus
353 1494 454 1570 refert,
477 1514 512 1557 ac
528 1492 718 1578 Tbeophancs
737 1494 874 1579 explicat)
902 1495 1027 1559 <lesbum
1042 1494 1188 1559 &desine
1205 1494 1303 1559 solium

204 1597 328 1661 Pontillci
341 1598 466 1663 llomano
488 1616 577 1682 aegro
596 1597 773 1661 concesserit
814 1598 931 1661 Damam
953 1596 1027 1682 qaod
1053 1596 1302 1683 Constantinopoli·

205 1699 271 1775 tani,
294 1711 323 1763 et
338 1698 573 1763 Chalcedonensis
600 1696 717 1761 Consilii
738 1697 843 1761 duobus
866 1697 923 1761 illis
943 1696 981 1761 ab
1000 1697 1148 1762 Ecclesiae
1162 1698 1304 1763 llouaanae

205 1800 373 1865 adversariis
393 1800 544 1865 decantatis
559 1798 716 1863 Caaombus
730 1799 923 1885 Bgsmtiomm
935 1800 1096 1865 Praesalnm
1112 1800 1168 1863 loci
1189 1822 1303 1886 praero-

206 1902 302 1990 gativa
322 1923 433 1988 semper
455 1900 626 1977 titubaverit,
655 1922 705 1965 sua
725 1899 823 1965 halcire
843 1902 1000 1982 sanctione,
1026 1902 1205 1990 stabilitaque
1225 1903 1305 1969 maus

204 2017 249 2071 est
268 2004 437 2069 lastinianus.

290 2140 371 2205 tfiao
387 2160 457 2226 quac
481 2132 566 2205 iidem
585 2139 631 2205 isti
646 2140 791 2217 tinctores,
819 2161 853 2205 ac
867 2140 1029 2205 nominatim
1043 2139 1191 2229 Euagrius,
1208 2138 1307 2206 Victor

205 2264 240 2307 ac
252 2243 397 2308 Liberatus
410 2243 515 2307 habeat
531 2244 567 2307 do
583 2242 722 2307 lastiniani
735 2242 856 2329 coniage
871 2224 1039 2307 'theodora‘
1059 2264 1149 2330 napae
1172 2242 1245 2306 enim
1258 2241 1307 2305 bic

206 2346 429 2431 operaepretium
451 2356 493 2409 ost
508 2365 644 2431 quaerero
665 2343 803 2428 Procopio
816 2356 918 2420 testes,
937 2366 998 2410 cam
1018 2346 1119 2409 nullum
1132 2357 1187 2407 tam
1202 2342 1306 2408 mandi-

205 2458 277 2523 tam,
304 2460 359 2511 tam
384 2446 567 2511 execrandam
592 2444 729 2531 piaculum
749 2442 820 2531 tingi
841 2446 933 2510 animo
958 2446 1058 2532 possit,
1087 2446 1152 2531 quia
1174 2446 1308 2533 gratiora

205 2550 302 2611 molita
318 2548 353 2612 sit
367 2548 551 2633 perditissima
571 2544 708 2620 foemina,
739 2554 768 2613 et
788 2546 897 2632 reipsa
918 2548 1087 2634 perpetrarit
1106 2548 1135 2611 in
1148 2546 1306 2633 llempabli·

205 2674 283 2727 cam,
311 2650 340 2715 ia
362 2651 510 2725 Senatum,
541 2646 569 2711 in
588 2647 786 2735 Magistratus,
816 2646 844 2710 ia
867 2634 996 2733 plebem,
1022 2649 1050 2713 in
1069 2650 1173 2724 Deum
1205 2649 1308 2736 qnippe

156 2765 163 2776 '
206 2751 263 2818 Dei
280 2752 362 2816 tilium
378 2750 503 2815 absolute
518 2772 627 2837 passam
642 2748 725 2812 luisse
742 2748 842 2814 Edicto
857 2750 1056 2833 pronuntiavit,
1082 2763 1110 2814 ct
1123 2749 1197 2813 hanc
1211 2750 1309 2838 exegit

178 2846 183 2853 ⁸
205 2854 237 2919 vi
257 2876 274 2917 e
292 2852 444 2918 Catholicis
466 2850 566 2930 tidem,
600 2849 784 2937 scriptamque
804 2870 886 2912 mann
907 2851 1144 2936 approbationem.
1187 2852 1308 2917 Chalce-

125 2971 148 3023 P
166 2970 191 3022 V
210 2955 332 3019 donense
351 2954 504 3019 Concilium
524 2954 561 3018 tle
582 2953 675 3017 medio
688 2950 851 3029 tollendum,
874 2953 966 3038 quoad
986 2952 1071 3031 vixit,
1094 2975 1199 3018 summo
1219 2954 1308 3019 madio

210 3056 323 3121 curavit.
372 3056 507 3121 Ecclesiis
532 3054 684 3142 praefecit,
721 3053 820 3139 quibos
850 3052 977 3132 levabat,
1012 3056 1192 3131 llacroticos;
1229 3057 1309 3121 minis

120 3234 123 3255 μ
211 3157 365 3245 exagitavit
379 3158 536 3245 agapetum
549 3158 699 3222 Romanurn
713 3152 888 3232 Pontificem,
908 3156 1042 3243 Vigilium
1066 3179 1119 3244 per
1139 3158 1235 3222 arbem
1255 3160 1309 3248 Bp

211 3260 329 3323 aantium
344 3259 407 3322 luno
420 3258 553 3344 raptavit3
574 3258 674 3335 exilio,
696 3270 786 3322 morte
809 3256 967 3345 Splverium
982 3256 1084 3324 alleeit.
1127 3258 1199 3323 Tam
1222 3260 1309 3325 inlau-

210 3374 279 3427 stam
292 3360 438 3425 Ecclesiae
453 3358 615 3424 Catholicae
635 3373 785 3424 monebam
798 3358 953 3423 Cardiualis
965 3360 1100 3424 llaronias
1114 3384 1168 3425 non
1184 3382 1221 3425 ex
1241 3362 1309 3426 l’ro·

210 3464 309 3551 cupio,
331 3484 414 3548 quern
432 3462 515 3549 plane
530 3461 634 3527 vidisse
648 3482 680 3525 se
702 3473 803 3549 negat,
832 3462 935 3525 sodex
952 3474 1075 3526 veteram
1091 3462 1252 3548 scriptoram
1265 3464 1309 3527 hi·

211 3565 304 3629 storiis
318 3564 356 3629 ita
365 3560 592 3651 repraesentaret.
639 3566 729 3627 Tanta
744 3568 807 3628 hoec
822 3566 897 3627 molo
911 3564 997 3627 ordita
1010 3572 1050 3625 art
1062 3570 1177 3648 passim
1191 3568 1311 3647 soerataa

212 3666 394 3750 (theodora)
411 3688 479 3751 quae
497 3670 584 3729 altera
605 3668 671 3730 Eoo
688 3674 803 3747 raptati
821 3666 965 3727 amotas
979 3668 1062 3747 sucta
1088 3675 1128 3728 est
1146 3674 1205 3729 otro
1228 3670 1312 3731 sate

212 3790 272 3831 rara
290 3775 405 3831 aratam
427 3791 527 3848 caasa,
555 3788 675 3850 aesopus
695 3771 792 3831 Dclr'ta
813 3768 956 3849 &aptam
972 3773 1029 3829 ctus
1049 3773 1120 3831 stra
1139 3770 1231 3831 amsa
1252 3780 1313 3831 arte

213 3894 336 3935 cassum
356 3873 496 3949 taboram,
514 3873 649 3935 Heracliae
664 3874 753 3935 wera
766 3876 990 3933 sanctuarinm
1004 3876 1117 3932 m'raara
1134 3876 1227 3933 misas
1245 3896 1313 3934 aaa·

215 3978 338 4053 gas'acm,
354 3975 528 4056 petulansque
544 3978 639 4035 mmai
660 3976 816 4037 Sacerdotis
833 3975 953 4035 Ancilla
976 3974 1054 4035 Petri
1068 3979 1236 4051 machonem
1256 3978 1314 4037 sol·

214 4080 339 4139 tr'cttaas:
366 4080 413 4139 acal
434 4097 531 4157 prauae
550 4082 587 4137 att
608 4080 693 4157 s'prrom
711 4078 891 4139 tamesae·
903 4077 1047 4155 affuere
1067 4078 1231 4153 maiatlas,
1258 4098 1313 4159 pua

218 4180 336 4259 reliquus
354 4183 491 4259 impietate
498 4182 632 4260 sacratores
645 4180 814 4239 caucellus'l:
835 4182 954 4260 occipiat
970 4184 1060 4258 potius
1079 4199 1168 4239 marea
1183 4180 1219 4239 ab
1237 4180 1314 4259 infe·

216 4286 272 4359 n'r,
297 4282 368 4363 past
378 4282 465 4362 statis
475 4283 590 4363 solatae
608 4281 776 4360 omasus,
792 4280 912 4362 semino
926 4282 1022 4362 susem
1034 4280 1136 4342 Alecto
1152 4285 1252 4362 potiar,
1270 4281 1315 4341 ost
