2959 4792
268 245 344 320 370
617 229 663 314 ul
688 243 799 314 rust.
825 243 1023 314 nuceum

351 413 388 474 Ρ.
409 409 467 490 46,
494 411 546 476 11.
593 408 781 472 Amantium
815 409 1025 472 eunuchorum
1058 409 1153 472 aulae
1178 407 1372 493 principun]

136 503 140 508 “
265 499 458 560 Marcellinus
473 497 593 577 palatii
611 499 825 578 praepositam
851 499 1005 572 nominat;
1033 497 1184 576 Evagrim
1206 500 1372 576 imperato-¹

266 587 314 644 ria
334 583 472 644 cubiculi
484 581 685 662 praejectum.
727 584 803 641 Erat
821 584 848 641 ia
869 580 1037 658 eunuchus,
1057 601 1154 664 eaque
1172 604 1205 642 re
1225 602 1298 642 cum
1313 581 1371 640 sibi

266 659 410 751 quaerere
430 669 593 748 imperium
615 687 676 727 nou
695 677 813 746 poscet,
842 665 876 726 id
896 668 1019 748 optabat
1038 665 1203 728 Theocrito
1228 668 1371 726 familiari

265 772 343 830 ru03
370 751 452 813 unde
472 751 688 833 perduellionis
709 755 912 832 suspicionem
933 755 1107 829 incurrens,
1135 773 1156 812 a
1178 755 1295 812 Iustino
1315 772 1372 812 ne-

266 850 368 898 catur:
390 835 474 898 addit
495 839 689 898 Marcellinus
708 857 834 900 causam
853 836 986 898 haeresis
999 836 1257 914 Manichaeorum,
1279 857 1371 920 quare

266 919 416 1004 circipene
437 927 493 1004 τῆς
513 920 650 1002 τριάδος,
679 923 800 996 rebella
827 926 980 983 minitans
1000 944 1019 982 a
1039 926 1144 1006 Tyriis
1162 935 1287 984 vocatam
1315 933 1374 996 est,

264 1019 296 1068 et
315 1029 335 1067 a
354 1011 509 1088 Byzantiis
530 1009 680 1068 Zammac
700 1009 739 1068 ab
767 1009 881 1087 insigni
903 1007 1082 1068 Manichaeo
1111 1007 1249 1069 eiusdem
1269 1011 1372 1066 nomi·

264 1097 330 1153 nis:
361 1096 523 1173 Procopiur
550 1096 694 1152 iniuriam
717 1093 835 1152 illatam
862 1097 969 1152 loanni
1001 1091 1205 1174 patriarchae;
1237 1094 1370 1153 fortassis

265 1181 383 1238 occasio
413 1181 496 1238 necis
524 1190 642 1258 captata
669 1176 742 1237 hinc
769 1189 826 1238 est.
874 1181 971 1238 Huius
1001 1181 1136 1241 Amantii
1161 1178 1269 1240 domus
1298 1188 1370 1253 erat,

266 1282 345 1345 quae
374 1261 483 1324 deiude
511 1268 607 1324 sancti
628 1261 767 1342 Thomna
794 1265 922 1323 ecclesia
952 1265 1012 1324 fuit
1031 1265 1307 1345 Constantinopoli,
1339 1274 1372 1320 nt

266 1360 313 1409 est
342 1348 422 1429 apud
446 1359 582 1410 autorem
610 1351 762 1427 crigInum
782 1350 842 1408 ΟΡ.
863 1359 894 1409 et
915 1351 1048 1409 Zonaras
1072 1351 1239 1410 coufirmat.
1282 1350 1371 1410 Auti-

266 1453 328 1514 qua
355 1447 459 1494 tamen
486 1436 639 1513 inscriptio
661 1435 750 1492 Pauli
769 1435 935 1494 silentiarii
964 1432 1002 1493 ad
1031 1432 1158 1496 domum
1183 1455 1273 1498 suam
1292 1445 1371 1493 tem-

168 1589 171 1596 ,
265 1521 353 1602 plum
373 1519 547 1578 aedificasse
567 1521 744 1578 Amantium
764 1528 901 1580 astatur.

354 1598 450 1668 Tinde
470 1607 537 1688 θεῷ
555 1600 650 1684 νόμος
669 1599 757 1667 οἷκον
775 1597 917 1684 Ἀμόννιε
936 1597 1067 1684 μεσσόθι
1086 1598 1204 1670 πόντον

396 1694 468 1762 Τοῖς
486 1684 699 1769 πολυδινήνοις
717 1682 834 1768 νόμοισι
853 1685 1059 1772 μαρνάμενον.

350 1767 399 1838 Οό
420 1766 524 1848 νότος,
546 1767 585 1838 oei
606 1771 716 1855 βορέης
734 1769 821 1855 ἱερόν
842 1772 893 1837 σέο
914 1774 1002 1855 daiam
1021 1766 1147 1854 τινόξει,

393 1861 472 1942 Napi
490 1861 644 1940 θεσπεσίῳ
665 1859 743 1944 apide
763 1851 1006 1939 φυλασσόμενον.

349 1939 450 2030 Ζςόοις
470 1939 572 2025 ἤματα
587 1935 699 2006 nolli·
723 1938 763 2006 oti
781 1941 840 2026 ydp
860 1941 1013 2024 νεοθηλέα
1031 1937 1151 2025 Ῥόμην

391 2023 503 2113 Πόντῳ
523 2027 648 2104 ἐπαΐξας
668 2021 774 2108 driaco
794 2027 1005 2111 patinarium.

346 2115 384 2172 Ρ.
406 2113 464 2188 46,
489 2115 539 2179 13.
583 2113 620 2174 ln
646 2112 792 2173 Ioannem
818 2113 906 2172 urbia
936 2110 1125 2192 muntium]
1162 2111 1261 2184 Quem
1289 2104 1372 2190 quod

261 2199 429 2280 plurimum
448 2199 641 2274 Iustiniantu,
662 2209 699 2257 ut
718 2196 770 2257 hic
789 2196 886 2274 rides,
906 2200 1038 2274 amabat,
1056 2199 1239 2258 oecumenici
1258 2213 1372 2254 nomen

171 2287 250 2344 hii
264 2296 337 2346 tunc
357 2287 490 2363 primum
510 2285 570 2343 sibi
591 2292 782 2362 arrogantem
806 2303 868 2344 non
896 2284 1096 2364 compescuit,
1124 2291 1160 2342 ut
1187 2283 1221 2340 in
1250 2279 1372 2361 praefa-

262 2373 345 2430 tione
373 2367 518 2428 diximus.
561 2368 639 2428 (ium
664 2367 716 2427 hic
741 2369 832 2429 fuerit
860 2367 1043 2450 Cappadox,
1069 2387 1088 2426 a
1112 2367 1269 2427 nonnullis
1298 2383 1371 2424 con-

262 2453 401 2514 funditur
428 2473 498 2512 cum
526 2454 586 2514 alio
619 2450 757 2514 eiusdem
787 2457 966 2532 cognomine
995 2464 1026 2513 et
1057 2455 1200 2527 concire;
1233 2449 1289 2511 sed
1320 2447 1372 2508 hic

261 2539 419 2619 presbyter
438 2539 497 2598 fuit
518 2539 882 2618 constantinopolitanus,
914 2549 948 2598 ut
968 2535 1174 2619 Theophanes
1194 2545 1312 2609 narrat,
1339 2544 1372 2592 et

262 2619 420 2684 Timothei
440 2621 627 2702 patriarchae
648 2624 824 2703 Syncellus,
855 2634 885 2684 et
911 2643 990 2684 anno
1011 2624 1170 2683 Iustiniani
1190 2626 1280 2682 tertio
1302 2639 1371 2681 ωο-

263 2712 357 2784 ritur3
388 2708 463 2767 alter
483 2728 555 2768 vero
576 2712 703 2768 loannes
724 2707 890 2790 Cappadox
911 2712 1056 2789 praetorii
1076 2709 1297 2788 praefecturam
1319 2725 1371 2763 ce·

262 2795 309 2874 pit
327 2795 461 2872 primum
486 2795 542 2853 sub
564 2796 748 2869 lmtinian03
775 2814 848 2852 nam
875 2795 930 2854 sub
951 2798 1066 2855 Iustino
1096 2813 1164 2853 eam
1186 2796 1281 2872 gessit
1300 2794 1370 2849 Ma-

262 2880 356 2954 rinus,
379 2877 451 2938 dein
464 2881 587 2959 Appion
607 2883 760 2959 patricius,
782 2891 813 2938 et
833 2880 895 2954 alii,
918 2899 995 2962 quos
1016 2877 1086 2938 ride
1106 2879 1185 2937 infra
1206 2876 1247 2937 ad
1267 2899 1298 2957 p.
1314 2879 1369 2941 92·

347 2965 383 3024 Ρ.
404 2961 456 3038 46,
480 2963 530 3028 15.
578 2965 775 3026 Vitalianum
799 2964 992 3046 Tyrannum]
1014 2969 1195 3024 Numeratur
1215 2981 1233 3022 a
1255 2966 1369 3021 Proco-

262 3047 314 3128 pio
334 3047 358 3106 l.
377 3053 394 3112 1
415 3049 487 3108 bell.
508 3051 591 3110 Pers.
614 3053 692 3110 iuter
711 3049 802 3110 duces
824 3053 973 3110 exercitus
994 3053 1147 3110 Anastaeii
1166 3049 1367 3128 imperatoris,

262 3131 405 3192 adversus
434 3153 525 3214 quem
554 3132 662 3194 deiude
695 3155 779 3194 arrna
800 3136 938 3214 sumpait.
981 3137 1124 3194 Extincto
1145 3137 1305 3194 Anastasio
1327 3129 1369 3189 ad

261 3219 480 3297 rempublicam
500 3231 657 3278 revocatur
684 3223 854 3294 alustinc,
884 3223 1068 3300 eqrtimoque
1093 3221 1271 3298 receptionis
1291 3238 1369 3276 suae

261 3303 327 3378 die,
358 3313 392 3362 ut
412 3305 604 3364 Marcellinus
634 3307 689 3378 ait,
720 3309 868 3384 magieter
893 3306 1026 3364 militiae
1045 3303 1231 3382 ordinatur,
1260 3299 1369 3362 deinde

261 3388 379 3447 conoul.
422 3391 540 3448 Tantae
562 3390 620 3448 fuit
640 3388 722 3470 apud
743 3392 893 3449 lustinum
915 3393 1098 3465 autoritatis,
1120 3401 1154 3448 ut
1179 3411 1215 3449 ec
1236 3391 1367 3448 instante

260 3472 407 3532 Severum
436 3484 466 3533 et
493 3475 646 3532 Iulianum
666 3479 839 3536 Haereticos
867 3479 989 3536 iusserit
1017 3476 1160 3551 exulare,
1188 3486 1219 3533 et
1245 3484 1369 3533 sanctus

259 3557 422 3618 Hormieda
443 3579 522 3639 papa
551 3558 591 3618 ad
617 3579 689 3618 eum
709 3563 861 3641 scripserit
883 3560 920 3620 de
941 3562 1129 3640 gravioribus
1150 3561 1296 3620 ecclesiae
1316 3579 1368 3617 re-

260 3642 333 3720 bus,
367 3655 401 3702 ut
424 3654 469 3704 est
489 3648 523 3702 in
544 3645 672 3725 epistola
692 3648 850 3704 Iustiniani
876 3645 1069 3718 adeundam
1090 3643 1306 3706 llormisdam:
1333 3646 1368 3701 in

260 3745 322 3808 qua
349 3749 419 3788 cum
437 3729 576 3807 fratrem
604 3749 675 3790 eum
702 3733 885 3792 lastinianus
913 3733 1062 3813 appellet,
1092 3729 1247 3791 Arnoldus
1266 3731 1368 3790 Urion

258 3815 304 3870 sic
324 3817 455 3893 accepit,
489 3819 576 3896 quasi
603 3814 640 3876 de
662 3817 813 3876 Germano
838 3819 930 3876 fratre
955 3813 1083 3891 dixerit'3
1111 3815 1167 3876 sed
1193 3835 1367 3896 perperam.

258 3899 336 3955 Nam
357 3899 514 3975 vitaliani,
546 3912 575 3960 et
595 3903 755 3962 Iustiniani
773 3911 914 3981 nepotes,
936 3922 1048 3981 nempe
1069 3901 1213 3962 Ioannem
1235 3912 1265 3960 et
1287 3903 1368 3962 Ger-

260 4001 406 4058 manum,
427 4003 489 4042 non
509 3985 602 4046 modo
624 3990 861 4066 consanguineos
882 3989 975 4046 fuisse
995 3998 1087 4066 negat
1106 3989 1288 4067 Procopius,
1310 3983 1368 4045 sed

260 4065 395 4126 familiae
416 4065 560 4145 dignitate
587 4073 678 4152 longe
699 4075 779 4131 inter
804 4093 838 4132 se
862 4071 988 4133 ducena
1010 4075 1102 4131 etiam
1123 4073 1254 4131 affinnat
1273 4091 1367 4152 supra

259 4170 291 4230 p·
312 4151 364 4214 23.
405 4153 563 4214 Praeterea
585 4156 645 4217 fuit
660 4159 826 4218 Vitalianus
848 4177 958 4238 genere
979 4157 1101 4236 Scytha,
1122 4168 1157 4217 ut
1171 4159 1368 4218 Marcellinus

259 4232 360 4312 habet,
382 4239 548 4300 Patricicl'
559 4243 665 4323 filiae,
687 4255 721 4304 ut
741 4245 906 4324 Procopius
926 4255 1026 4303 narrat
1046 4244 1068 4302 l.
1088 4249 1103 4308 1
1127 4241 1165 4302 de
1186 4243 1260 4303 bell.
1279 4245 1369 4306 Pers.
