2959 4792
496 225 641 300 NOTAE
666 223 892 308 ALEMANNI.
1167 224 1242 300 365

139 392 223 454 dices
238 393 375 456 Vaticani
389 388 555 469 Ἱοοιιῖκος
596 395 710 456 venun
731 412 773 452 ex
793 388 902 452 eadem
921 393 975 452 illa
990 389 1165 476 (thalcondy
1165 396 1249 454 liena

138 480 305 542 editione
294 501 358 540 ram
380 480 432 540 diu
452 491 570 586 poterat
597 477 677 540 illud
696 477 844 538 mendum
864 478 948 554 tolli,
970 480 997 538 si
1020 483 1087 560 quis
1111 483 1248 540 animum

138 565 338 641 attendisset3
359 587 432 626 nam
452 571 485 628 in
505 587 579 627 voce
599 559 768 646 α’μιιθηιος,
790 562 867 624 haec
888 523 997 624 eadem
1016 568 1155 645 Pr0copii
1176 586 1249 627 sen-

140 655 235 712 tentia
257 652 408 731 profertur
430 653 547 732 integro
569 653 676 711 lustini
699 650 835 710 nomine.
877 651 919 710 Ar
938 651 1081 731 frequens
1101 671 1173 709 sane
1202 662 1248 710 est

139 727 334 796 librariorum
354 738 487 817 lapsus
477 759 510 796 ιιι
536 735 585 798 his
607 735 724 796 duobus
745 735 854 796 Iustini
877 755 913 794 ac
932 737 1090 795 iustiniani
1113 738 1246 796 rocabu-
1261 736 1351 792 Proa

139 823 190 898 lis,
213 843 283 880 oum
303 825 337 880 in
357 821 416 882 huo
436 821 577 899 historia,
599 833 635 882 ut
653 822 742 898 infra,
765 823 825 880 et'
815 841 848 879 ιιι
868 823 951 879 notio
973 823 1118 880 censoriis
1137 842 1247 881 mone-

138 869 258 982 bimus,
285 918 353 966 tum
374 907 448 967 alibi
469 906 551 988 apud
570 909 752 988 Evagrium,
783 907 920 986 aliosque
943 909 1119 987 scriptores,
1148 909 1192 966 ita
1213 918 1247 967 ut

139 995 200 1056 riri
221 995 391 1071 gravissim
415 1013 485 1052 eam
506 994 544 1052 ob
571 1013 636 1052 rem
659 993 751 1072 longe
773 1011 792 1049 a
813 994 939 1052 veritate
960 990 1102 1054 historiae
1124 993 1246 1052 aberra·
1262 996 1288 1050 V
1302 996 1355 1052 stt

140 1081 211 1138 rint.
254 1081 332 1136 Nam
352 1075 518 1138 Athalarioi
539 1077 720 1138 Gotthorum
748 1077 829 1156 regis
856 1071 967 1156 legatio
996 1075 1035 1136 de
1063 1098 1138 1157 pace
1169 1099 1248 1160 quae

140 1159 271 1222 habetur
290 1163 356 1238 l.,8
377 1167 486 1223 variar.
510 1161 681 1222 Cassiodori
696 1164 783 1242 epist.
796 1164 814 1224 1
837 1159 877 1220 ad
888 1163 1038 1222 lustinum
1060 1175 1114 1239 est,
1136 1184 1247 1245 quem-

141 1245 309 1308 admodum
339 1248 510 1328 legimus
499 1269 534 1306 ιιι
555 1250 698 1308 Vaticano
731 1245 851 1320 codice,
880 1267 942 1305 nou
974 1245 1012 1306 ad
1036 1210 1246 1326 lastinianum,

140 1343 178 1392 ιιι
199 1335 303 1392 titulus
326 1332 465 1392 editionis
485 1334 662 1392 parisiensis
682 1352 754 1413 prae
776 1352 809 1391 se
837 1289 913 1408 ient,
942 1342 972 1391 et
991 1335 1039 1391 sir
1059 1332 1163 1393 doctus
1184 1337 1248 1393 Ba·

141 1421 245 1478 ronius
268 1416 389 1477 credere
417 1437 480 1476 uon
502 1416 658 1477 dubitarit.
702 1415 860 1499 Siquidem
882 1419 924 1475 ait
944 1415 1152 1481 Athalaricus:
1178 1423 1247 1500 pri-

141 1503 267 1562 mordia
293 1506 398 1582 itaque
424 1514 549 1581 nostro,
580 1504 696 1562 solatio
726 1513 901 1561 mereantur
921 1505 1076 1584 principis
1104 1505 1247 1584 longaevi

139 1587 260 1649 habere.
301 1589 396 1668 Atqui
416 1590 598 1647 lastinianus
626 1587 739 1667 κομιδῆ
763 1587 851 1666 νέος,
880 1585 1050 1648 admodum
1074 1587 1248 1648 adolescens

141 1684 208 1732 erat
235 1673 282 1754 (ut
303 1676 405 1732 statim
426 1673 528 1732 subdit
548 1671 724 1752 Procopius)
753 1693 823 1730 oum
848 1671 1038 1734 Athalaricus
1065 1695 1133 1732 eam
1159 1676 1248 1752 lega-

141 1761 259 1818 tionem
277 1756 452 1817 adcrnabat.
494 1760 547 1818 Ait
559 1769 730 1838 praeterea3
751 1778 806 1819 νοι
824 1761 990 1837 genitorem
1010 1780 1111 1817 meum
1132 1762 1165 1818 in
1179 1761 1249 1820 Ita-

141 1843 193 1902 tta
211 1843 370 1922 polrrsotue
390 1843 532 1902 claritate
556 1845 730 1906 decorastis.
776 1841 839 1901 Sed
858 1845 978 1921 genitor
997 1843 1164 1903 Athalarici
1183 1849 1250 1904 Eu-

141 1926 276 1989 tharicus
304 1939 373 1986 ante
393 1947 505 1988 uorem
523 1947 618 1988 annos
639 1947 732 2009 quam
753 1929 936 1986 Iustinianus
957 1929 1067 1987 Caesar
1092 1941 1189 2006 esset,
1219 1939 1251 1990 et

141 2015 182 2074 ab
204 2035 240 2072 ec
263 2014 368 2073 consul
389 2015 483 2072 creari
503 2025 622 2093 posset,
653 2013 819 2092 palmatam
845 2009 984 2072 induerat
1004 2015 1037 2071 in
1058 2015 1163 2090 ltalia,
1190 2033 1250 2074 neo

142 2097 198 2158 diu
219 2108 297 2178 post,
320 2096 402 2158 diem
419 2098 544 2159 obierat.
585 2099 638 2158 Ait
652 2096 795 2172 demum3
817 2093 970 2155 desiderio
987 2118 1107 2178 quoque
1127 2119 1252 2158 coneor-

142 2183 216 2244 diue
226 2184 343 2264 factm
363 2195 407 2242 est
422 2203 585 2263 perarma
597 2184 703 2264 filius,
726 2185 871 2263 quamvis
890 2181 977 2242 vobio
992 2203 1069 2261 pene
1088 2181 1252 2244 videbatur

142 2289 328 2350 aequaevus.
370 2270 452 2348 Ergo
474 2269 657 2328 lastinianus
685 2269 739 2349 qui
768 2286 830 2326 non
860 2267 961 2327 solum
981 2269 1072 2347 plena
1092 2269 1252 2348 pubertate

142 2353 343 2414 Eutharicum
364 2373 427 2414 non
447 2352 652 2434 praecedebat,
675 2351 731 2413 sed
743 2352 856 2434 κομιδῆ
867 2351 944 2426 νιος,
963 2353 1058 2432 plane
1075 2352 1252 2414 odoleacene

143 2451 225 2515 erat,
246 2460 351 2499 senem
369 2437 536 2519 adoptavit,
560 2459 659 2521 aquo
679 2438 784 2498 multis
805 2457 953 2497 annorum
974 2436 1103 2499 decuriis
1124 2460 1250 2521 snpera-

141 2526 242 2584 batur.
286 2528 368 2604 Lege
395 2524 580 2583 lornandum
606 2525 659 2583 lib.
681 2545 739 2584 rer.
761 2524 858 2583 (letio.
880 2533 1028 2583 extremo.
1070 2527 1153 2584 llaec
1180 2527 1249 2586 obi·

142 2621 208 2685 ter,
238 2606 294 2668 sed
323 2603 500 2668 necessario
513 2611 704 2684 monuimus,
723 2610 820 2711 plura
840 2609 920 2667 inb-a
942 2607 1034 2689 adp.
1056 2609 1097 2673 ιιι
1118 2613 1173 2670 lin.
1198 2611 1248 2688 16,

144 2697 208 2760 135
228 2695 283 2753 lin.
305 2696 356 2758 16.
398 2697 467 2752 Et'
458 2715 490 2752 ιιι
510 2697 595 2753 Notis
617 2697 760 2753 censoriis
782 2690 830 2751 ad.
852 2714 884 2773 p.
905 2695 947 2758 27
969 2694 1023 2752 lin.
1045 2698 1097 2760 86.

228 2781 265 2838 P.
282 2777 334 2854 44,
356 2781 407 2841 12.
449 2780 592 2858 Procius]
614 2782 700 2839 Alius
722 2790 769 2838 est
785 2780 940 2837 Procius
929 2780 1057 2856 insignis
1077 2777 1249 2838 mathema-

142 2865 236 2939 ticus,
259 2867 311 2945 qui
332 2861 391 2924 hoc
411 2873 546 2943 tempore
567 2866 708 2940 florebat,
731 2876 762 2923 et
782 2865 933 2924 Anastasii
953 2865 1142 2942 imperatoris
1163 2885 1248 2924 mor-

142 2962 209 3009 tem
230 2949 374 3023 coniecit,
397 2959 428 3007 et
447 2949 589 3009 vitaliani
611 2951 739 3010 classem
760 2953 838 3007 miro
862 2948 985 3007 artificio
1006 2949 1184 3025 combussit,
1213 2961 1248 3008 ut

141 3035 337 3094 Marcellinus
359 3043 390 3092 et
406 3035 552 3113 Evagrius
572 3046 704 3094 narrant.
746 3037 805 3093 Hie
824 3053 896 3093 vero
917 3033 977 3092 fuit
996 3033 1086 3092 Pauli
1108 2995 1248 3140 Byzdntii

142 3121 255 3180 filius
246 3121 319 3178 suris
343 3120 602 3196 conssdtissimus,
631 3115 710 3202 toto
732 3119 849 3192 δίκαιος
875 3116 928 3181 ιιι
948 3118 1111 3204 χρημάτων
1132 3114 1249 3203 dduoo'·

140 3227 243 3281 τατος,
264 3204 353 3262 ironic
375 3206 488 3283 iustus,
510 3205 664 3285 nudisque
684 3203 906 3284 largitionibus
924 3203 1173 3284 corrumpendam,
1197 3208 1250 3286 qui

141 3293 295 3352 lustinum
313 3290 527 3369 imperatorem
546 3293 770 3371 paratissimum
789 3288 829 3348 ad
842 3287 1008 3350 Chosroem
1022 3290 1159 3351 (lebadea
1174 3295 1251 3351 Per-

142 3395 248 3439 sarum
267 3375 346 3454 regis
368 3374 466 3434 filium
486 3375 543 3436 sibi
565 3374 789 3456 adoptandum,
817 3395 835 3434 a
855 3379 1003 3435 sententia
1020 3374 1181 3452 deterruit,
1210 3397 1250 3436 ne

143 3461 185 3521 ad
198 3463 315 3535 Persas,
336 3461 485 3540 inquiens,
508 3462 712 3520 Romanorum
731 3463 893 3540 irnperium
911 3463 1037 3520 veniret.
1080 3460 1168 3533 Quod
1188 3462 1251 3520 im·

142 3556 268 3628 perante
288 3547 403 3606 Iustino
427 3549 565 3606 universa
586 3549 723 3606 Romana
742 3547 911 3626 respublica
938 3545 976 3604 ab
996 3543 1088 3605 huius
1115 3567 1186 3623 ore,
1216 3558 1251 3606 ut

142 3634 188 3692 ait
208 3633 382 3709 Procopius,
403 3630 558 3709 penderet,
581 3632 636 3691 snb
658 3635 722 3693 eius
743 3633 831 3711 signo
853 3650 947 3691 aeneo
967 3632 1114 3710 scripum
1133 3630 1167 3690 id
1187 3646 1251 3692 erat

141 3716 415 3816 Constantinopoli.

273 3797 414 3905 Πρόκλος
433 3795 555 3896 iyu'Bo
556 3794 691 3876 tiator,
710 3795 746 3864 dv
765 3797 837 3904 περὶ
858 3799 960 3903 doipa

270 3877 459 3992 τηιεθιιοντιι
479 3887 566 3987 δίκης
584 3877 784 3966 βασιιήῖος”
760 3903 897 3966 nonnoso
918 3877 1007 3964 odiri,

273 3993 334 4075 οφρ
340 3965 438 4050 ’eino
450 3965 553 4076 στόμα
572 3967 679 4036 πιστὸν
677 3967 871 4075 ἐρισθενέος
892 3971 1043 4075 desuper.
1264 3979 1289 4030 Α
1307 3980 1341 4034 19

272 4049 406 4162 dyyttto
426 4049 459 4120 δ’
480 4049 533 4119 ode
553 4051 694 4158 χιλκις”
675 4075 750 4121 οσον
770 4055 860 4138 γέρας
879 4053 961 4118 ἐστιν
980 4054 1112 4116 odilus.

271 4139 378 4203 καιτοι
370 4137 455 4244 μὲν
475 4141 573 4204 εἴκελα
593 4134 693 4204 πάντα
712 4139 767 4204 και
786 4141 850 4204 υἱέϊ
865 4139 919 4203 και
920 4162 1084 4224 ymerum,

273 4223 306 4289 ἐν
327 4219 357 4294 d'
378 4221 504 4292 oritur
527 4222 667 4313 ῥάβδοισι
687 4221 762 4306 πάϊς
781 4228 887 4309 νίκησε
906 4230 1010 4309 τοκῆα.
