<?xml version="1.0" encoding="UTF-8"?>
<!DOCTYPE html PUBLIC "-//W3C//DTD XHTML 1.0 Transitional//EN"
    "http://www.w3.org/TR/xhtml1/DTD/xhtml1-transitional.dtd">
<html xmlns="http://www.w3.org/1999/xhtml" xml:lang="en" lang="en">
 <head>
  <title>
</title>
<meta http-equiv="Content-Type" content="text/html;charset=utf-8" />
  <meta name='ocr-system' content='tesseract 3.04.00' />
  <meta name='ocr-capabilities' content='ocr_page ocr_carea ocr_par ocr_line ocrx_word'/>
</head>
<body>
  <div class='ocr_page' id='page_1' title='image "./corpusscriptoru15theogoog/corpusscriptoru15theogoog_0427.png"; bbox 0 0 2959 4792; ppageno 0'>
   <div class='ocr_carea' id='block_1_1' title="bbox 495 369 1245 444">
    <p class='ocr_par' dir='ltr' id='par_1_1' title="bbox 495 369 1245 444">
     <span class='ocr_line' id='line_1_1' title="bbox 495 369 1245 444; baseline 0.005 -4"><span class='ocrx_word' id='word_1_1' title='bbox 495 370 641 440; x_wconf 77' lang='lat' dir='ltr'><strong>NOTAE</strong></span> <span class='ocrx_word' id='word_1_2' title='bbox 665 369 890 442; x_wconf 73' lang='lat' dir='ltr'><strong>MAEMANNI.</strong></span> <span class='ocrx_word' id='word_1_3' title='bbox 1168 370 1245 444; x_wconf 74' lang='lat'><strong>379</strong></span> 
     </span>
    </p>
   </div>
   <div class='ocr_carea' id='block_1_2' title="bbox 134 533 1350 878">
    <p class='ocr_par' dir='ltr' id='par_1_2' title="bbox 134 533 1350 878">
     <span class='ocr_line' id='line_1_2' title="bbox 136 533 1350 622; baseline 0.003 -25"><span class='ocrx_word' id='word_1_4' title='bbox 136 533 290 618; x_wconf 89' lang='lat' dir='ltr'><strong>appellat,</strong></span> <span class='ocrx_word' id='word_1_5' title='bbox 319 535 480 598; x_wconf 82' lang='lat' dir='ltr'><strong>obscurum</strong></span> <span class='ocrx_word' id='word_1_6' title='bbox 509 547 565 598; x_wconf 89' lang='lat' dir='ltr'><strong>est.</strong></span> <span class='ocrx_word' id='word_1_7' title='bbox 614 541 720 620; x_wconf 90' lang='lat' dir='ltr'><strong>Neque</strong></span> <span class='ocrx_word' id='word_1_8' title='bbox 750 539 844 599; x_wconf 87' lang='lat' dir='ltr'><strong>etiam</strong></span> <span class='ocrx_word' id='word_1_9' title='bbox 869 538 968 622; x_wconf 89' lang='lat' dir='ltr'><strong>liquet</strong></span> <span class='ocrx_word' id='word_1_10' title='bbox 995 539 1091 600; x_wconf 85' lang='lat' dir='ltr'><strong>utrius</strong></span> <span class='ocrx_word' id='word_1_11' title='bbox 1118 539 1241 601; x_wconf 83' lang='lat' dir='ltr'><strong>illarum</strong></span> <span class='ocrx_word' id='word_1_12' title='bbox 1257 543 1281 598; x_wconf 88' lang='lat' dir='ltr'><strong>P</strong></span> <span class='ocrx_word' id='word_1_13' title='bbox 1299 547 1350 603; x_wconf 80' lang='lat'><strong>112</strong></span> 
     </span>
     <span class='ocr_line' id='line_1_3' title="bbox 135 623 1244 704; baseline 0.005 -22"><span class='ocrx_word' id='word_1_14' title='bbox 135 625 226 682; x_wconf 88' lang='lat' dir='ltr'><strong>liberi</strong></span> <span class='ocrx_word' id='word_1_15' title='bbox 247 627 307 682; x_wconf 86' lang='lat' dir='ltr'><strong>aiut</strong></span> <span class='ocrx_word' id='word_1_16' title='bbox 327 626 456 683; x_wconf 82' lang='lat' dir='ltr'><strong>loannes</strong></span> <span class='ocrx_word' id='word_1_17' title='bbox 478 624 584 684; x_wconf 89' lang='lat' dir='ltr'><strong>consul</strong></span> <span class='ocrx_word' id='word_1_18' title='bbox 605 623 805 701; x_wconf 86' lang='lat' dir='ltr'><strong>codicillaris,</strong></span> <span class='ocrx_word' id='word_1_19' title='bbox 834 635 865 685; x_wconf 87' lang='lat' dir='ltr'><strong>et</strong></span> <span class='ocrx_word' id='word_1_20' title='bbox 886 628 1033 704; x_wconf 79' lang='lat' dir='ltr'>Georgius</span> <span class='ocrx_word' id='word_1_21' title='bbox 1054 627 1244 688; x_wconf 81' lang='lat' dir='ltr'><strong>xenodochii</strong></span> 
     </span>
     <span class='ocr_line' id='line_1_4' title="bbox 134 707 1245 792; baseline 0.008 -26"><span class='ocrx_word' id='word_1_22' title='bbox 134 711 271 767; x_wconf 89' lang='lat' dir='ltr'><strong>marinae</strong></span> <span class='ocrx_word' id='word_1_23' title='bbox 294 718 427 784; x_wconf 87' lang='lat' dir='ltr'><strong>curator,</strong></span> <span class='ocrx_word' id='word_1_24' title='bbox 461 729 536 790; x_wconf 84' lang='lat' dir='ltr'><strong>quos</strong></span> <span class='ocrx_word' id='word_1_25' title='bbox 557 707 764 791; x_wconf 76' lang='lat' dir='ltr'>Theophanes</span> <span class='ocrx_word' id='word_1_26' title='bbox 785 717 938 792; x_wconf 76' lang='grc' dir='ltr'><em>συγγενεῖς</em></span> <span class='ocrx_word' id='word_1_27' title='bbox 956 723 1044 770; x_wconf 87' lang='lat' dir='ltr'><strong>vocat</strong></span> <span class='ocrx_word' id='word_1_28' title='bbox 1063 711 1245 775; x_wconf 87' lang='lat' dir='ltr'><strong>Theodorae</strong></span> 
     </span>
     <span class='ocr_line' id='line_1_5' title="bbox 134 793 1205 878; baseline 0.007 -26"><span class='ocrx_word' id='word_1_29' title='bbox 134 795 346 874; x_wconf 80' lang='lat' dir='ltr'><strong>imperatricis.</strong></span> <span class='ocrx_word' id='word_1_30' title='bbox 389 797 438 854; x_wconf 84' lang='lat' dir='ltr'><strong>En</strong></span> <span class='ocrx_word' id='word_1_31' title='bbox 457 797 527 856; x_wconf 88' lang='lat' dir='ltr'><strong>illos</strong></span> <span class='ocrx_word' id='word_1_32' title='bbox 547 793 585 854; x_wconf 87' lang='lat' dir='ltr'><strong>dc</strong></span> <span class='ocrx_word' id='word_1_33' title='bbox 606 796 716 877; x_wconf 85' lang='lat' dir='ltr'><strong>quihus</strong></span> <span class='ocrx_word' id='word_1_34' title='bbox 733 797 832 878; x_wconf 88' lang='lat' dir='ltr'><strong>liquet</strong></span> <span class='ocrx_word' id='word_1_35' title='bbox 849 799 883 854; x_wconf 91' lang='lat' dir='ltr'><strong>in</strong></span> <span class='ocrx_word' id='word_1_36' title='bbox 900 795 960 856; x_wconf 91' lang='lat' dir='ltr'><strong>hoc</strong></span> <span class='ocrx_word' id='word_1_37' title='bbox 978 796 1205 878; x_wconf 71' lang='lat' dir='ltr'><strong>diagrammate.</strong></span> 
     </span>
    </p>
   </div>
   <div class='ocr_carea' id='block_1_3' title="bbox 540 949 971 1012">
    <p class='ocr_par' dir='ltr' id='par_1_3' title="bbox 540 949 971 1012">
     <span class='ocr_line' id='line_1_6' title="bbox 540 949 971 1012; baseline 0.005 -3"><span class='ocrx_word' id='word_1_38' title='bbox 540 949 971 1012; x_wconf 79' lang='lat' dir='ltr'><strong>Acacius=N....Ursarii</strong></span> 
     </span>
    </p>
   </div>
   <div class='ocr_carea' id='block_1_4' title="bbox 352 1036 1158 1239">
    <p class='ocr_par' dir='ltr' id='par_1_4' title="bbox 352 1036 1158 1239">
     <span class='ocr_line' id='line_1_7' title="bbox 352 1036 1158 1239; baseline 0.001 -1"><span class='ocrx_word' id='word_1_39' title='bbox 352 1036 1158 1239; x_wconf 63' lang='grc' dir='ltr'><strong>π--ί--ι</strong></span> 
     </span>
    </p>
   </div>
   <div class='ocr_carea' id='block_1_5' title="bbox 136 1231 1243 1303">
    <p class='ocr_par' dir='ltr' id='par_1_5' title="bbox 136 1231 1243 1303">
     <span class='ocr_line' id='line_1_8' title="bbox 136 1231 1243 1303; baseline 0.008 -9"><span class='ocrx_word' id='word_1_40' title='bbox 136 1231 452 1297; x_wconf 81' lang='lat' dir='ltr'><strong>Sittas=comitona</strong></span> <span class='ocrx_word' id='word_1_41' title='bbox 620 1235 1032 1303; x_wconf 84' lang='lat' dir='ltr'><strong>Theodora=lustinianus</strong></span> <span class='ocrx_word' id='word_1_42' title='bbox 1085 1243 1243 1303; x_wconf 81' lang='lat' dir='ltr'><strong>Anastasia</strong></span> 
     </span>
    </p>
   </div>
   <div class='ocr_carea' id='block_1_6' title="bbox 724 1666 915 1727">
    <p class='ocr_par' dir='ltr' id='par_1_6' title="bbox 724 1666 915 1727">
     <span class='ocr_line' id='line_1_9' title="bbox 724 1666 915 1727; baseline -0.005 0"><span class='ocrx_word' id='word_1_43' title='bbox 724 1666 915 1727; x_wconf 75' lang='lat' dir='ltr'><strong>Anastasius.</strong></span> 
     </span>
    </p>
   </div>
   <div class='ocr_carea' id='block_1_7' title="bbox 133 1811 1246 2412">
    <p class='ocr_par' dir='ltr' id='par_1_7' title="bbox 133 1811 1244 2240">
     <span class='ocr_line' id='line_1_10' title="bbox 133 1811 1243 1900; baseline 0.005 -25"><span class='ocrx_word' id='word_1_44' title='bbox 133 1815 188 1874; x_wconf 83' lang='lat' dir='ltr'><strong>Ex</strong></span> <span class='ocrx_word' id='word_1_45' title='bbox 204 1811 254 1876; x_wconf 88' lang='lat' dir='ltr'><strong>his</strong></span> <span class='ocrx_word' id='word_1_46' title='bbox 275 1817 388 1897; x_wconf 79' lang='lat' dir='ltr'>corrige</span> <span class='ocrx_word' id='word_1_47' title='bbox 408 1813 668 1898; x_wconf 82' lang='lat' dir='ltr'><strong>Pseudogordiahi</strong></span> <span class='ocrx_word' id='word_1_48' title='bbox 689 1819 833 1900; x_wconf 71' lang='lat' dir='ltr'><strong>epistolas</strong></span> <span class='ocrx_word' id='word_1_49' title='bbox 849 1837 927 1900; x_wconf 89' lang='lat' dir='ltr'><strong>quae</strong></span> <span class='ocrx_word' id='word_1_50' title='bbox 942 1815 1092 1879; x_wconf 77' lang='lat' dir='ltr'><strong>habentur</strong></span> <span class='ocrx_word' id='word_1_51' title='bbox 1106 1818 1140 1880; x_wconf 91' lang='lat' dir='ltr'><strong>in</strong></span> <span class='ocrx_word' id='word_1_52' title='bbox 1161 1821 1243 1882; x_wconf 86' lang='lat' dir='ltr'><strong>calce</strong></span> 
     </span>
     <span class='ocr_line' id='line_1_11' title="bbox 134 1897 1244 1966; baseline 0.005 -6"><span class='ocrx_word' id='word_1_53' title='bbox 134 1897 271 1962; x_wconf 74' lang='lat' dir='ltr'><strong>chronici</strong></span> <span class='ocrx_word' id='word_1_54' title='bbox 293 1905 491 1964; x_wconf 77' lang='lat' dir='ltr'><strong>cassinensis.</strong></span> <span class='ocrx_word' id='word_1_55' title='bbox 533 1906 563 1964; x_wconf 82' lang='lat' dir='ltr'><strong>le</strong></span> <span class='ocrx_word' id='word_1_56' title='bbox 582 1901 780 1964; x_wconf 77' lang='lat' dir='ltr'><strong>Theodoram</strong></span> <span class='ocrx_word' id='word_1_57' title='bbox 804 1923 868 1964; x_wconf 89' lang='lat' dir='ltr'><strong>non</strong></span> <span class='ocrx_word' id='word_1_58' title='bbox 889 1905 989 1964; x_wconf 88' lang='lat' dir='ltr'><strong>solam</strong></span> <span class='ocrx_word' id='word_1_59' title='bbox 1010 1924 1052 1964; x_wconf 85' lang='lat' dir='ltr'><strong>ex</strong></span> <span class='ocrx_word' id='word_1_60' title='bbox 1066 1907 1244 1966; x_wconf 80' lang='lat' dir='ltr'><strong>Aniciorum</strong></span> 
     </span>
     <span class='ocr_line' id='line_1_12' title="bbox 133 1987 1243 2072; baseline 0.005 -27"><span class='ocrx_word' id='word_1_61' title='bbox 133 1987 265 2063; x_wconf 83' lang='lat' dir='ltr'><strong>familia,</strong></span> <span class='ocrx_word' id='word_1_62' title='bbox 286 1987 342 2048; x_wconf 86' lang='lat' dir='ltr'><strong>sed</strong></span> <span class='ocrx_word' id='word_1_63' title='bbox 362 1989 455 2048; x_wconf 88' lang='lat' dir='ltr'><strong>etiam</strong></span> <span class='ocrx_word' id='word_1_64' title='bbox 473 1990 605 2049; x_wconf 78' lang='lat' dir='ltr'><strong>Tertulli</strong></span> <span class='ocrx_word' id='word_1_65' title='bbox 625 1991 763 2069; x_wconf 85' lang='lat' dir='ltr'><strong>primarii</strong></span> <span class='ocrx_word' id='word_1_66' title='bbox 781 1991 911 2049; x_wconf 85' lang='lat' dir='ltr'><strong>Romani</strong></span> <span class='ocrx_word' id='word_1_67' title='bbox 931 1992 1049 2069; x_wconf 84' lang='lat' dir='ltr'><strong>patricii</strong></span> <span class='ocrx_word' id='word_1_68' title='bbox 1069 2003 1243 2072; x_wconf 80' lang='lat' dir='ltr'><strong>cognotam,</strong></span> 
     </span>
     <span class='ocr_line' id='line_1_13' title="bbox 134 2072 1243 2156; baseline 0.005 -25"><span class='ocrx_word' id='word_1_69' title='bbox 134 2081 168 2131; x_wconf 90' lang='lat' dir='ltr'><strong>et</strong></span> <span class='ocrx_word' id='word_1_70' title='bbox 189 2084 329 2132; x_wconf 78' lang='lat' dir='ltr'><strong>sancmm</strong></span> <span class='ocrx_word' id='word_1_71' title='bbox 349 2073 509 2133; x_wconf 86' lang='lat' dir='ltr'><strong>Placidum</strong></span> <span class='ocrx_word' id='word_1_72' title='bbox 528 2085 694 2156; x_wconf 86' lang='lat' dir='ltr'><strong>martyrem</strong></span> <span class='ocrx_word' id='word_1_73' title='bbox 711 2072 892 2134; x_wconf 86' lang='lat' dir='ltr'><strong>Theodorae</strong></span> <span class='ocrx_word' id='word_1_74' title='bbox 917 2087 1052 2154; x_wconf 79' lang='lat' dir='ltr'><strong>nepotem</strong></span> <span class='ocrx_word' id='word_1_75' title='bbox 1078 2081 1243 2156; x_wconf 87' lang='lat' dir='ltr'><strong>mentitur;</strong></span> 
     </span>
     <span class='ocr_line' id='line_1_14' title="bbox 134 2156 979 2240; baseline 0.006 -22"><span class='ocrx_word' id='word_1_76' title='bbox 134 2156 193 2218; x_wconf 80' lang='lat' dir='ltr'><strong>sed</strong></span> <span class='ocrx_word' id='word_1_77' title='bbox 213 2156 252 2216; x_wconf 91' lang='lat' dir='ltr'><strong>de</strong></span> <span class='ocrx_word' id='word_1_78' title='bbox 273 2157 332 2220; x_wconf 90' lang='lat' dir='ltr'><strong>hoc</strong></span> <span class='ocrx_word' id='word_1_79' title='bbox 352 2159 432 2218; x_wconf 82' lang='lat' dir='ltr'><strong>infra</strong></span> <span class='ocrx_word' id='word_1_80' title='bbox 452 2158 493 2217; x_wconf 91' lang='lat' dir='ltr'><strong>ad</strong></span> <span class='ocrx_word' id='word_1_81' title='bbox 513 2179 545 2240; x_wconf 88' lang='lat' dir='ltr'><strong>p.</strong></span> <span class='ocrx_word' id='word_1_82' title='bbox 563 2163 604 2225; x_wconf 84' lang='lat'><strong>57</strong></span> <span class='ocrx_word' id='word_1_83' title='bbox 623 2161 679 2220; x_wconf 91' lang='lat' dir='ltr'><strong>lin.</strong></span> <span class='ocrx_word' id='word_1_84' title='bbox 697 2161 718 2222; x_wconf 86' lang='lat'><strong>6</strong></span> <span class='ocrx_word' id='word_1_85' title='bbox 741 2171 772 2219; x_wconf 89' lang='lat' dir='ltr'><strong>et</strong></span> <span class='ocrx_word' id='word_1_86' title='bbox 791 2160 834 2223; x_wconf 79' lang='lat'><strong>83</strong></span> <span class='ocrx_word' id='word_1_87' title='bbox 853 2161 908 2219; x_wconf 82' lang='lat' dir='ltr'><strong>lin.</strong></span> <span class='ocrx_word' id='word_1_88' title='bbox 927 2161 979 2223; x_wconf 77' lang='lat'><strong>12.</strong></span> 
     </span>
    </p>

    <p class='ocr_par' dir='ltr' id='par_1_8' title="bbox 134 2243 1246 2412">
     <span class='ocr_line' id='line_1_15' title="bbox 220 2243 1245 2327; baseline 0.003 -25"><span class='ocrx_word' id='word_1_89' title='bbox 220 2245 256 2304; x_wconf 85' lang='lat' dir='ltr'><strong>P.</strong></span> <span class='ocrx_word' id='word_1_90' title='bbox 277 2243 335 2320; x_wconf 74' lang='lat'><strong>59,</strong></span> <span class='ocrx_word' id='word_1_91' title='bbox 360 2245 391 2307; x_wconf 89' lang='grc'><strong>8.</strong></span> <span class='ocrx_word' id='word_1_92' title='bbox 437 2247 598 2325; x_wconf 75' lang='lat' dir='ltr'><strong>Imperitia</strong></span> <span class='ocrx_word' id='word_1_93' title='bbox 622 2245 804 2325; x_wconf 80' lang='lat' dir='ltr'><strong>puellarum</strong></span> <span class='ocrx_word' id='word_1_94' title='bbox 836 2244 1008 2325; x_wconf 71' lang='lat' dir='ltr'><strong>capitione,</strong></span> <span class='ocrx_word' id='word_1_95' title='bbox 1041 2245 1245 2327; x_wconf 77' lang='lat' dir='ltr'><strong>manibusque</strong></span> 
     </span>
     <span class='ocr_line' id='line_1_16' title="bbox 134 2326 1246 2412; baseline 0.004 -24"><span class='ocrx_word' id='word_1_96' title='bbox 134 2327 278 2408; x_wconf 69' lang='lat' dir='ltr'><strong>coronio]</strong></span> <span class='ocrx_word' id='word_1_97' title='bbox 306 2326 356 2389; x_wconf 85' lang='lat' dir='ltr'><strong>Ad</strong></span> <span class='ocrx_word' id='word_1_98' title='bbox 380 2331 528 2389; x_wconf 86' lang='lat' dir='ltr'><strong>maiorem</strong></span> <span class='ocrx_word' id='word_1_99' title='bbox 556 2329 777 2390; x_wconf 88' lang='lat' dir='ltr'><strong>conciliandam</strong></span> <span class='ocrx_word' id='word_1_100' title='bbox 798 2332 1092 2390; x_wconf 75' lang='lat' dir='ltr'><strong>commiserationem</strong></span> <span class='ocrx_word' id='word_1_101' title='bbox 1121 2343 1246 2412; x_wconf 85' lang='lat' dir='ltr'><strong>aspectu</strong></span> 
     </span>
    </p>
   </div>
   <div class='ocr_carea' id='block_1_8' title="bbox 134 2416 1313 3950">
    <p class='ocr_par' dir='ltr' id='par_1_9' title="bbox 134 2416 1313 3010">
     <span class='ocr_line' id='line_1_17' title="bbox 135 2416 1248 2497; baseline 0.002 -23"><span class='ocrx_word' id='word_1_102' title='bbox 135 2416 232 2474; x_wconf 89' lang='lat' dir='ltr'><strong>trium</strong></span> <span class='ocrx_word' id='word_1_103' title='bbox 251 2417 425 2494; x_wconf 86' lang='lat' dir='ltr'><strong>puellarum</strong></span> <span class='ocrx_word' id='word_1_104' title='bbox 445 2417 615 2495; x_wconf 83' lang='lat' dir='ltr'><strong>virginum,</strong></span> <span class='ocrx_word' id='word_1_105' title='bbox 638 2435 716 2497; x_wconf 87' lang='lat' dir='ltr'><strong>quae</strong></span> <span class='ocrx_word' id='word_1_106' title='bbox 737 2417 872 2476; x_wconf 85' lang='lat' dir='ltr'><strong>infulatis</strong></span> <span class='ocrx_word' id='word_1_107' title='bbox 894 2416 969 2475; x_wconf 93' lang='lat' dir='ltr'><strong>olim</strong></span> <span class='ocrx_word' id='word_1_108' title='bbox 994 2419 1110 2476; x_wconf 85' lang='lat' dir='ltr'><strong>coronis</strong></span> <span class='ocrx_word' id='word_1_109' title='bbox 1136 2417 1248 2496; x_wconf 85' lang='lat' dir='ltr'><strong>digno-</strong></span> 
     </span>
     <span class='ocr_line' id='line_1_18' title="bbox 135 2501 1247 2582; baseline 0.002 -22"><span class='ocrx_word' id='word_1_110' title='bbox 135 2501 316 2576; x_wconf 72' lang='lat' dir='ltr'><strong>scebantur-3</strong></span> <span class='ocrx_word' id='word_1_111' title='bbox 347 2519 423 2582; x_wconf 87' lang='lat' dir='ltr'><strong>quas</strong></span> <span class='ocrx_word' id='word_1_112' title='bbox 443 2502 494 2561; x_wconf 81' lang='lat' dir='ltr'><strong>vel</strong></span> <span class='ocrx_word' id='word_1_113' title='bbox 516 2505 663 2562; x_wconf 81' lang='lat' dir='ltr'><strong>revinctas</strong></span> <span class='ocrx_word' id='word_1_114' title='bbox 684 2503 717 2560; x_wconf 91' lang='lat' dir='ltr'><strong>in</strong></span> <span class='ocrx_word' id='word_1_115' title='bbox 739 2505 854 2582; x_wconf 88' lang='lat' dir='ltr'><strong>capite,</strong></span> <span class='ocrx_word' id='word_1_116' title='bbox 878 2503 928 2561; x_wconf 80' lang='lat' dir='ltr'><strong>vel</strong></span> <span class='ocrx_word' id='word_1_117' title='bbox 948 2503 1063 2562; x_wconf 82' lang='lat' dir='ltr'><strong>solutae</strong></span> <span class='ocrx_word' id='word_1_118' title='bbox 1084 2523 1157 2582; x_wconf 88' lang='lat' dir='ltr'><strong>prae</strong></span> <span class='ocrx_word' id='word_1_119' title='bbox 1176 2521 1247 2562; x_wconf 88' lang='lat' dir='ltr'><strong>ma-</strong></span> 
     </span>
     <span class='ocr_line' id='line_1_19' title="bbox 135 2584 1247 2669; baseline 0.002 -25"><span class='ocrx_word' id='word_1_120' title='bbox 135 2587 245 2660; x_wconf 88' lang='lat' dir='ltr'><strong>nibus,</strong></span> <span class='ocrx_word' id='word_1_121' title='bbox 273 2584 475 2666; x_wconf 76' lang='lat' dir='ltr'><strong>pendentibus</strong></span> <span class='ocrx_word' id='word_1_122' title='bbox 496 2587 602 2646; x_wconf 77' lang='lat' dir='ltr'><strong>infulis</strong></span> <span class='ocrx_word' id='word_1_123' title='bbox 622 2588 753 2648; x_wconf 83' lang='lat' dir='ltr'><strong>vestales</strong></span> <span class='ocrx_word' id='word_1_124' title='bbox 773 2589 905 2667; x_wconf 80' lang='lat' dir='ltr'><strong>virgines</strong></span> <span class='ocrx_word' id='word_1_125' title='bbox 924 2588 958 2645; x_wconf 92' lang='lat' dir='ltr'><strong>in</strong></span> <span class='ocrx_word' id='word_1_126' title='bbox 979 2589 1111 2669; x_wconf 87' lang='lat' dir='ltr'><strong>antiquis</strong></span> <span class='ocrx_word' id='word_1_127' title='bbox 1132 2587 1247 2668; x_wconf 87' lang='lat' dir='ltr'><strong>lapidi-</strong></span> 
     </span>
     <span class='ocr_line' id='line_1_20' title="bbox 134 2671 1248 2754; baseline 0.001 -23"><span class='ocrx_word' id='word_1_128' title='bbox 134 2672 196 2731; x_wconf 83' lang='lat' dir='ltr'><strong>bus</strong></span> <span class='ocrx_word' id='word_1_129' title='bbox 218 2683 370 2750; x_wconf 82' lang='lat' dir='ltr'><strong>gestantes</strong></span> <span class='ocrx_word' id='word_1_130' title='bbox 390 2671 546 2746; x_wconf 82' lang='lat' dir='ltr'><strong>videmus,</strong></span> <span class='ocrx_word' id='word_1_131' title='bbox 570 2683 601 2731; x_wconf 84' lang='lat' dir='ltr'><strong>et</strong></span> <span class='ocrx_word' id='word_1_132' title='bbox 623 2675 697 2732; x_wconf 85' lang='lat' dir='ltr'><strong>alias</strong></span> <span class='ocrx_word' id='word_1_133' title='bbox 719 2674 812 2732; x_wconf 90' lang='lat' dir='ltr'><strong>etiam</strong></span> <span class='ocrx_word' id='word_1_134' title='bbox 833 2675 1040 2754; x_wconf 83' lang='lat' dir='ltr'><strong>quascumque</strong></span> <span class='ocrx_word' id='word_1_135' title='bbox 1060 2675 1178 2753; x_wconf 86' lang='lat' dir='ltr'><strong>puellas</strong></span> <span class='ocrx_word' id='word_1_136' title='bbox 1196 2677 1248 2732; x_wconf 88' lang='lat' dir='ltr'><strong>in-</strong></span> 
     </span>
     <span class='ocr_line' id='line_1_21' title="bbox 136 2754 1313 2837; baseline 0.001 -20"><span class='ocrx_word' id='word_1_137' title='bbox 136 2768 186 2817; x_wconf 86' lang='lat' dir='ltr'><strong>ter</strong></span> <span class='ocrx_word' id='word_1_138' title='bbox 207 2757 369 2832; x_wconf 81' lang='lat' dir='ltr'><strong>sacrificiu,</strong></span> <span class='ocrx_word' id='word_1_139' title='bbox 400 2769 430 2818; x_wconf 89' lang='lat' dir='ltr'><strong>et</strong></span> <span class='ocrx_word' id='word_1_140' title='bbox 459 2758 630 2836; x_wconf 83' lang='lat' dir='ltr'><strong>religiones.</strong></span> <span class='ocrx_word' id='word_1_141' title='bbox 673 2761 710 2818; x_wconf 90' lang='lat' dir='ltr'><strong>In</strong></span> <span class='ocrx_word' id='word_1_142' title='bbox 731 2756 972 2817; x_wconf 80' lang='lat' dir='ltr'><strong>Christianarum</strong></span> <span class='ocrx_word' id='word_1_143' title='bbox 991 2761 1145 2837; x_wconf 79' lang='lat' dir='ltr'><strong>uirginum</strong></span> <span class='ocrx_word' id='word_1_144' title='bbox 1166 2762 1248 2818; x_wconf 90' lang='lat' dir='ltr'><strong>anti-</strong></span> <span class='ocrx_word' id='word_1_145' title='bbox 1310 2754 1313 2762; x_wconf 74' lang='grc'><strong>’</strong></span> 
     </span>
     <span class='ocr_line' id='line_1_22' title="bbox 137 2841 1249 2924; baseline 0.004 -23"><span class='ocrx_word' id='word_1_146' title='bbox 137 2845 209 2924; x_wconf 86' lang='lat' dir='ltr'><strong>quis</strong></span> <span class='ocrx_word' id='word_1_147' title='bbox 244 2845 392 2918; x_wconf 86' lang='lat' dir='ltr'><strong>tumulis,</strong></span> <span class='ocrx_word' id='word_1_148' title='bbox 434 2851 525 2924; x_wconf 89' lang='lat' dir='ltr'><strong>atque</strong></span> <span class='ocrx_word' id='word_1_149' title='bbox 556 2846 640 2902; x_wconf 83' lang='lat' dir='ltr'><strong>urnis</strong></span> <span class='ocrx_word' id='word_1_150' title='bbox 675 2844 893 2923; x_wconf 84' lang='lat' dir='ltr'><strong>sepulcralibue</strong></span> <span class='ocrx_word' id='word_1_151' title='bbox 928 2841 1039 2902; x_wconf 89' lang='lat' dir='ltr'><strong>harum</strong></span> <span class='ocrx_word' id='word_1_152' title='bbox 1070 2864 1249 2906; x_wconf 82' lang='lat' dir='ltr'><strong>coronatum</strong></span> 
     </span>
     <span class='ocr_line' id='line_1_23' title="bbox 137 2927 1025 3010; baseline 0 -22"><span class='ocrx_word' id='word_1_153' title='bbox 137 2929 280 3010; x_wconf 85' lang='lat' dir='ltr'><strong>symbola</strong></span> <span class='ocrx_word' id='word_1_154' title='bbox 300 2933 415 2988; x_wconf 79' lang='lat' dir='ltr'><strong>Itomae</strong></span> <span class='ocrx_word' id='word_1_155' title='bbox 436 2947 526 3008; x_wconf 85' lang='lat' dir='ltr'><strong>saepe</strong></span> <span class='ocrx_word' id='word_1_156' title='bbox 547 2931 675 2988; x_wconf 86' lang='lat' dir='ltr'><strong>memini</strong></span> <span class='ocrx_word' id='word_1_157' title='bbox 696 2927 943 2988; x_wconf 76' lang='lat' dir='ltr'><strong>animadvertisse</strong></span> <span class='ocrx_word' id='word_1_158' title='bbox 964 2949 1025 2988; x_wconf 90' lang='lat' dir='ltr'><strong>me.</strong></span> 
     </span>
    </p>

    <p class='ocr_par' dir='ltr' id='par_1_10' title="bbox 137 3010 1249 3950">
     <span class='ocr_line' id='line_1_24' title="bbox 225 3010 1247 3095; baseline 0 -23"><span class='ocrx_word' id='word_1_159' title='bbox 225 3013 394 3089; x_wconf 79' lang='lat' dir='ltr'><strong>P.59,15·</strong></span> <span class='ocrx_word' id='word_1_160' title='bbox 436 3015 643 3095; x_wconf 73' lang='lat' dir='ltr'><strong>Humerisqce</strong></span> <span class='ocrx_word' id='word_1_161' title='bbox 658 3013 838 3072; x_wconf 81' lang='lat' dir='ltr'><strong>auhaells&#39;um</strong></span> <span class='ocrx_word' id='word_1_162' title='bbox 856 3012 980 3093; x_wconf 76' lang='lat' dir='ltr'><strong>detulit]</strong></span> <span class='ocrx_word' id='word_1_163' title='bbox 1002 3010 1090 3087; x_wconf 75' lang='lat' dir='ltr'><strong>Quod</strong></span> <span class='ocrx_word' id='word_1_164' title='bbox 1109 3022 1144 3072; x_wconf 90' lang='lat' dir='ltr'><strong>ut</strong></span> <span class='ocrx_word' id='word_1_165' title='bbox 1160 3033 1247 3073; x_wconf 83' lang='lat' dir='ltr'><strong>com-</strong></span> 
     </span>
     <span class='ocr_line' id='line_1_25' title="bbox 137 3096 1246 3180; baseline -0.002 -20"><span class='ocrx_word' id='word_1_166' title='bbox 137 3096 261 3160; x_wconf 86' lang='lat' dir='ltr'><strong>modius</strong></span> <span class='ocrx_word' id='word_1_167' title='bbox 288 3097 349 3158; x_wconf 90' lang='lat' dir='ltr'><strong>huc</strong></span> <span class='ocrx_word' id='word_1_168' title='bbox 375 3109 465 3180; x_wconf 87' lang='lat' dir='ltr'><strong>utque</strong></span> <span class='ocrx_word' id='word_1_169' title='bbox 492 3100 566 3158; x_wconf 90' lang='lat' dir='ltr'><strong>illuc</strong></span> <span class='ocrx_word' id='word_1_170' title='bbox 587 3109 756 3179; x_wconf 88' lang='lat' dir='ltr'><strong>portaretur</strong></span> <span class='ocrx_word' id='word_1_171' title='bbox 776 3101 909 3179; x_wconf 86' lang='lat' dir='ltr'><strong>plicatile</strong></span> <span class='ocrx_word' id='word_1_172' title='bbox 929 3099 999 3158; x_wconf 85' lang='lat' dir='ltr'><strong>tuit.</strong></span> <span class='ocrx_word' id='word_1_173' title='bbox 1041 3101 1106 3158; x_wconf 86' lang='lat' dir='ltr'><strong>lloc</strong></span> <span class='ocrx_word' id='word_1_174' title='bbox 1126 3098 1246 3158; x_wconf 87' lang='lat' dir='ltr'><strong>sedium</strong></span> 
     </span>
     <span class='ocr_line' id='line_1_26' title="bbox 137 3182 1247 3266; baseline -0.001 -22"><span class='ocrx_word' id='word_1_175' title='bbox 137 3205 238 3265; x_wconf 75' lang='lat' dir='ltr'><strong>genus</strong></span> <span class='ocrx_word' id='word_1_176' title='bbox 258 3182 411 3266; x_wconf 87' lang='lat' dir='ltr'><strong>hodieque</strong></span> <span class='ocrx_word' id='word_1_177' title='bbox 434 3183 540 3244; x_wconf 85' lang='lat' dir='ltr'><strong>durat:</strong></span> <span class='ocrx_word' id='word_1_178' title='bbox 569 3182 624 3244; x_wconf 85' lang='lat' dir='ltr'><strong>sed</strong></span> <span class='ocrx_word' id='word_1_179' title='bbox 642 3183 872 3244; x_wconf 80' lang='lat' dir='ltr'><strong>circumferendi</strong></span> <span class='ocrx_word' id='word_1_180' title='bbox 892 3203 966 3244; x_wconf 83' lang='lat' dir='ltr'><strong>usus</strong></span> <span class='ocrx_word' id='word_1_181' title='bbox 985 3203 1047 3243; x_wconf 88' lang='lat' dir='ltr'><strong>non</strong></span> <span class='ocrx_word' id='word_1_182' title='bbox 1067 3186 1159 3260; x_wconf 81' lang='lat' dir='ltr'><strong>item3</strong></span> <span class='ocrx_word' id='word_1_183' title='bbox 1180 3186 1247 3244; x_wconf 83' lang='lat' dir='ltr'><strong>for-</strong></span> 
     </span>
     <span class='ocr_line' id='line_1_27' title="bbox 139 3265 1247 3376; baseline 0.002 -46"><span class='ocrx_word' id='word_1_184' title='bbox 139 3283 221 3330; x_wconf 84' lang='lat' dir='ltr'><strong>tasse</strong></span> <span class='ocrx_word' id='word_1_185' title='bbox 242 3271 334 3376; x_wconf 87' lang='lat' dir='ltr'><strong>paulo</strong></span> <span class='ocrx_word' id='word_1_186' title='bbox 355 3279 425 3350; x_wconf 85' lang='lat' dir='ltr'><strong>post</strong></span> <span class='ocrx_word' id='word_1_187' title='bbox 444 3273 582 3348; x_wconf 86' lang='lat' dir='ltr'><strong>Procopii</strong></span> <span class='ocrx_word' id='word_1_188' title='bbox 603 3280 741 3349; x_wconf 85' lang='lat' dir='ltr'><strong>tempora</strong></span> <span class='ocrx_word' id='word_1_189' title='bbox 765 3269 864 3331; x_wconf 85' lang='lat' dir='ltr'><strong>desiit.</strong></span> <span class='ocrx_word' id='word_1_190' title='bbox 907 3272 1023 3330; x_wconf 85' lang='lat' dir='ltr'><strong>Vocant</strong></span> <span class='ocrx_word' id='word_1_191' title='bbox 1044 3271 1151 3328; x_wconf 83' lang='lat' dir='ltr'><strong>Graeci</strong></span> <span class='ocrx_word' id='word_1_192' title='bbox 1170 3265 1247 3353; x_wconf 80' lang='grc' dir='ltr'><strong><em>θρό-</em></strong></span> 
     </span>
     <span class='ocr_line' id='line_1_28' title="bbox 138 3348 1247 3436; baseline -0.002 -16"><span class='ocrx_word' id='word_1_193' title='bbox 138 3378 217 3431; x_wconf 73' lang='grc' dir='ltr'><strong><em>αοοσ</em></strong></span> <span class='ocrx_word' id='word_1_194' title='bbox 239 3355 396 3432; x_wconf 59' lang='lat' dir='ltr'><strong>celadion,</strong></span> <span class='ocrx_word' id='word_1_195' title='bbox 422 3366 456 3414; x_wconf 90' lang='lat' dir='ltr'><strong>ut</strong></span> <span class='ocrx_word' id='word_1_196' title='bbox 476 3365 560 3415; x_wconf 88' lang='lat' dir='ltr'><strong>notat</strong></span> <span class='ocrx_word' id='word_1_197' title='bbox 580 3354 768 3436; x_wconf 80' lang='lat' dir='ltr'><strong>Hesychius:</strong></span> <span class='ocrx_word' id='word_1_198' title='bbox 799 3366 829 3415; x_wconf 88' lang='lat' dir='ltr'><strong>et</strong></span> <span class='ocrx_word' id='word_1_199' title='bbox 850 3353 944 3414; x_wconf 88' lang='lat' dir='ltr'><strong>addit.</strong></span> <span class='ocrx_word' id='word_1_200' title='bbox 987 3350 1044 3429; x_wconf 69' lang='lat' dir='ltr'><strong>orie</strong></span> <span class='ocrx_word' id='word_1_201' title='bbox 1066 3355 1100 3418; x_wconf 84' lang='grc' dir='ltr'><strong>οί</strong></span> <span class='ocrx_word' id='word_1_202' title='bbox 1117 3348 1247 3419; x_wconf 72' lang='lat' dir='ltr'><strong>sindloc-</strong></span> 
     </span>
     <span class='ocr_line' id='line_1_29' title="bbox 138 3435 1248 3524; baseline -0.006 -19"><span class='ocrx_word' id='word_1_203' title='bbox 138 3448 199 3505; x_wconf 78' lang='grc' dir='ltr'><strong>θοι</strong></span> <span class='ocrx_word' id='word_1_204' title='bbox 219 3440 362 3521; x_wconf 78' lang='grc' dir='ltr'><strong><em>φέρονται</em></strong></span> <span class='ocrx_word' id='word_1_205' title='bbox 382 3447 447 3515; x_wconf 76' lang='grc' dir='ltr'><strong><em>τοῖς</em></strong></span> <span class='ocrx_word' id='word_1_206' title='bbox 467 3439 498 3514; x_wconf 72' lang='grc' dir='ltr'><strong>ἐς</strong></span> <span class='ocrx_word' id='word_1_207' title='bbox 516 3435 572 3514; x_wconf 66' lang='grc' dir='ltr'><strong>τίς</strong></span> <span class='ocrx_word' id='word_1_208' title='bbox 593 3435 706 3524; x_wconf 69' lang='grc' dir='ltr'><strong><em>ἀγορὰς</em></strong></span> <span class='ocrx_word' id='word_1_209' title='bbox 727 3439 843 3516; x_wconf 77' lang='grc' dir='ltr'><strong><em>ἐξιοῦσι</em></strong></span> <span class='ocrx_word' id='word_1_210' title='bbox 863 3439 1037 3517; x_wconf 72' lang='grc' dir='ltr'><strong><em>πλουσίοις,</em></strong></span> <span class='ocrx_word' id='word_1_211' title='bbox 1065 3461 1143 3520; x_wconf 85' lang='lat' dir='ltr'><strong>quoe</strong></span> <span class='ocrx_word' id='word_1_212' title='bbox 1165 3438 1248 3499; x_wconf 73' lang='lat' dir='ltr'><strong>divi.</strong></span> 
     </span>
     <span class='ocr_line' id='line_1_30' title="bbox 138 3522 1248 3606; baseline 0 -22"><span class='ocrx_word' id='word_1_213' title='bbox 138 3527 227 3586; x_wconf 79' lang='lat' dir='ltr'><strong>tibus</strong></span> <span class='ocrx_word' id='word_1_214' title='bbox 253 3530 287 3586; x_wconf 86' lang='lat' dir='ltr'><strong>e&#39;n</strong></span> <span class='ocrx_word' id='word_1_215' title='bbox 306 3527 419 3606; x_wconf 75' lang='lat' dir='ltr'><strong>fluum</strong></span> <span class='ocrx_word' id='word_1_216' title='bbox 442 3523 668 3605; x_wconf 72' lang='lat' dir='ltr'><strong>prodeuntibus</strong></span> <span class='ocrx_word' id='word_1_217' title='bbox 692 3530 773 3586; x_wconf 75' lang='lat' dir='ltr'><strong>cervi</strong></span> <span class='ocrx_word' id='word_1_218' title='bbox 801 3525 949 3605; x_wconf 83' lang='lat' dir='ltr'><strong>deserunt.</strong></span> <span class='ocrx_word' id='word_1_219' title='bbox 991 3522 1104 3584; x_wconf 81' lang='lat' dir='ltr'><strong>Athen.</strong></span> <span class='ocrx_word' id='word_1_220' title='bbox 1124 3526 1178 3584; x_wconf 91' lang='lat' dir='ltr'><strong>lib.</strong></span> <span class='ocrx_word' id='word_1_221' title='bbox 1197 3528 1248 3589; x_wconf 82' lang='lat'><strong>12.</strong></span> 
     </span>
     <span class='ocr_line' id='line_1_31' title="bbox 139 3605 1249 3694; baseline -0.002 -18"><span class='ocrx_word' id='word_1_222' title='bbox 139 3607 297 3686; x_wconf 75' lang='grc' dir='ltr'><strong><em>Ὀιιίαθίας</em></strong></span> <span class='ocrx_word' id='word_1_223' title='bbox 318 3633 348 3675; x_wconf 82' lang='lat' dir='ltr'><strong>es</strong></span> <span class='ocrx_word' id='word_1_224' title='bbox 371 3605 474 3684; x_wconf 71' lang='grc' dir='ltr'><strong><em>αὐτοῖς</em></strong></span> <span class='ocrx_word' id='word_1_225' title='bbox 488 3611 619 3693; x_wconf 77' lang='grc' dir='ltr'><strong><em>δίφρους</em></strong></span> <span class='ocrx_word' id='word_1_226' title='bbox 635 3609 747 3694; x_wconf 75' lang='grc' dir='ltr'><strong><em>ἔφερον</em></strong></span> <span class='ocrx_word' id='word_1_227' title='bbox 768 3611 801 3674; x_wconf 83' lang='grc' dir='ltr'><strong>οἱ</strong></span> <span class='ocrx_word' id='word_1_228' title='bbox 819 3613 934 3686; x_wconf 82' lang='grc' dir='ltr'><strong><em>παῖδες,</em></strong></span> <span class='ocrx_word' id='word_1_229' title='bbox 956 3609 1009 3671; x_wconf 78' lang='grc' dir='ltr'><strong>ἵνα</strong></span> <span class='ocrx_word' id='word_1_230' title='bbox 1029 3607 1072 3691; x_wconf 68' lang='grc' dir='ltr'><strong>μή</strong></span> <span class='ocrx_word' id='word_1_231' title='bbox 1091 3611 1249 3684; x_wconf 74' lang='grc' dir='ltr'><strong><em>καθίζοιεν</em></strong></span> 
     </span>
     <span class='ocr_line' id='line_1_32' title="bbox 141 3694 1249 3778; baseline -0.002 -22"><span class='ocrx_word' id='word_1_232' title='bbox 141 3696 187 3772; x_wconf 67' lang='grc' dir='ltr'><strong>οἷς</strong></span> <span class='ocrx_word' id='word_1_233' title='bbox 208 3697 299 3778; x_wconf 76' lang='grc' dir='ltr'><strong>ἔτυχε.</strong></span> <span class='ocrx_word' id='word_1_234' title='bbox 345 3697 574 3776; x_wconf 71' lang='grc' dir='ltr'><strong><em>Οοιηρίὶααίὶίαο</em></strong></span> <span class='ocrx_word' id='word_1_235' title='bbox 593 3695 679 3755; x_wconf 78' lang='lat' dir='ltr'><strong>aeder</strong></span> <span class='ocrx_word' id='word_1_236' title='bbox 699 3698 744 3755; x_wconf 76' lang='grc' dir='ltr'><strong>σία</strong></span> <span class='ocrx_word' id='word_1_237' title='bbox 757 3699 852 3776; x_wconf 78' lang='lat' dir='ltr'><strong>pueri</strong></span> <span class='ocrx_word' id='word_1_238' title='bbox 862 3695 1023 3776; x_wconf 82' lang='lat' dir='ltr'><strong>serebant,</strong></span> <span class='ocrx_word' id='word_1_239' title='bbox 1055 3717 1092 3753; x_wconf 82' lang='lat' dir='ltr'><strong>ne</strong></span> <span class='ocrx_word' id='word_1_240' title='bbox 1111 3694 1249 3755; x_wconf 82' lang='lat' dir='ltr'><strong>indecore</strong></span> 
     </span>
     <span class='ocr_line' id='line_1_33' title="bbox 141 3773 1249 3863; baseline 0.002 -20"><span class='ocrx_word' id='word_1_241' title='bbox 141 3795 307 3863; x_wconf 78' lang='lat' dir='ltr'><strong>temereque</strong></span> <span class='ocrx_word' id='word_1_242' title='bbox 332 3781 474 3842; x_wconf 82' lang='lat' dir='ltr'><strong>aederent.</strong></span> <span class='ocrx_word' id='word_1_243' title='bbox 517 3783 614 3862; x_wconf 83' lang='lat' dir='ltr'><strong>Synes</strong></span> <span class='ocrx_word' id='word_1_244' title='bbox 637 3780 675 3840; x_wconf 86' lang='lat' dir='ltr'><strong>de</strong></span> <span class='ocrx_word' id='word_1_245' title='bbox 697 3801 801 3860; x_wconf 83' lang='lat' dir='ltr'><strong>regno.</strong></span> <span class='ocrx_word' id='word_1_246' title='bbox 827 3785 891 3843; x_wconf 74' lang='grc' dir='ltr'><strong><em>τοῖν</em></strong></span> <span class='ocrx_word' id='word_1_247' title='bbox 913 3773 1098 3842; x_wconf 75' lang='grc' dir='ltr'><strong><em>ἆιιοίοιίθων</em></strong></span> <span class='ocrx_word' id='word_1_248' title='bbox 1119 3781 1153 3844; x_wconf 87' lang='grc' dir='ltr'><strong>οί</strong></span> <span class='ocrx_word' id='word_1_249' title='bbox 1177 3778 1249 3856; x_wconf 67' lang='grc' dir='ltr'><strong>τούς</strong></span> 
     </span>
     <span class='ocr_line' id='line_1_34' title="bbox 139 3858 1248 3950; baseline -0.001 -19"><span class='ocrx_word' id='word_1_250' title='bbox 139 3864 320 3950; x_wconf 72' lang='grc' dir='ltr'><strong><em>χθαμοίοῦσ</em></strong></span> <span class='ocrx_word' id='word_1_251' title='bbox 341 3867 577 3948; x_wconf 72' lang='grc' dir='ltr'><strong><em>σκιμποθίσκους</em></strong></span> <span class='ocrx_word' id='word_1_252' title='bbox 598 3861 810 3940; x_wconf 59' lang='lat' dir='ltr'><strong>iniudicatum</strong></span> <span class='ocrx_word' id='word_1_253' title='bbox 830 3869 892 3928; x_wconf 76' lang='lat' dir='ltr'><strong>cciv</strong></span> <span class='ocrx_word' id='word_1_254' title='bbox 916 3862 1008 3946; x_wconf 75' lang='grc' dir='ltr'><strong>ὤμων</strong></span> <span class='ocrx_word' id='word_1_255' title='bbox 1023 3858 1248 3947; x_wconf 81' lang='grc' dir='ltr'><strong><em>οίαασιθίμενοι,</em></strong></span> 
     </span>
    </p>
   </div>
   <div class='ocr_carea' id='block_1_9' title="bbox 140 3944 1364 4119">
    <p class='ocr_par' dir='ltr' id='par_1_11' title="bbox 140 3944 1364 4119">
     <span class='ocr_line' id='line_1_35' title="bbox 140 3944 1364 4036; baseline -0.002 -17"><span class='ocrx_word' id='word_1_256' title='bbox 140 3949 194 4034; x_wconf 75' lang='grc' dir='ltr'><strong>ἐφ’</strong></span> <span class='ocrx_word' id='word_1_257' title='bbox 212 3947 238 4036; x_wconf 72' lang='grc' dir='ltr'><em>ᾦ</em></span> <span class='ocrx_word' id='word_1_258' title='bbox 259 3960 321 4027; x_wconf 77' lang='grc' dir='ltr'><strong><em>τοῖς</em></strong></span> <span class='ocrx_word' id='word_1_259' title='bbox 335 3951 517 4034; x_wconf 64' lang='lat' dir='ltr'><strong>lucentiore</strong></span> <span class='ocrx_word' id='word_1_260' title='bbox 536 3951 570 4016; x_wconf 72' lang='lat' dir='ltr'><strong>dv</strong></span> <span class='ocrx_word' id='word_1_261' title='bbox 590 3959 656 4027; x_wconf 79' lang='grc' dir='ltr'><strong><em>ταῖς</em></strong></span> <span class='ocrx_word' id='word_1_262' title='bbox 675 3944 796 4036; x_wconf 62' lang='lat' dir='ltr'><strong>dyracio</strong></span> <span class='ocrx_word' id='word_1_263' title='bbox 816 3947 896 4014; x_wconf 76' lang='lat' dir='ltr'><strong>eleos</strong></span> <span class='ocrx_word' id='word_1_264' title='bbox 911 3952 1103 4030; x_wconf 73' lang='grc' dir='ltr'><strong><em>καθίζεσθαι,</em></strong></span> <span class='ocrx_word' id='word_1_265' title='bbox 1124 3949 1250 4017; x_wconf 75' lang='grc' dir='ltr'><strong><em>Σκύθαι</em></strong></span> <span class='ocrx_word' id='word_1_266' title='bbox 1266 3959 1293 4015; x_wconf 83' lang='lat' dir='ltr'>V</span> <span class='ocrx_word' id='word_1_267' title='bbox 1311 3961 1364 4016; x_wconf 77' lang='lat'><strong>852</strong></span> 
     </span>
     <span class='ocr_line' id='line_1_36' title="bbox 141 4036 1254 4119; baseline -0.006 -16"><span class='ocrx_word' id='word_1_268' title='bbox 141 4039 212 4102; x_wconf 75' lang='grc' dir='ltr'><strong><em>εἰσί.</em></strong></span> <span class='ocrx_word' id='word_1_269' title='bbox 254 4036 429 4118; x_wconf 74' lang='lat' dir='ltr'><strong>Pediseqm&#39;,</strong></span> <span class='ocrx_word' id='word_1_270' title='bbox 453 4039 509 4119; x_wconf 82' lang='lat' dir='ltr'><strong>qui</strong></span> <span class='ocrx_word' id='word_1_271' title='bbox 529 4037 659 4097; x_wconf 73' lang='lat' dir='ltr'><strong>cellulae</strong></span> <span class='ocrx_word' id='word_1_272' title='bbox 679 4038 812 4096; x_wconf 72' lang='lat' dir='ltr'><strong>humiles</strong></span> <span class='ocrx_word' id='word_1_273' title='bbox 831 4047 925 4116; x_wconf 85' lang='lat' dir='ltr'><strong>atque</strong></span> <span class='ocrx_word' id='word_1_274' title='bbox 938 4036 1098 4116; x_wconf 76' lang='lat' dir='ltr'><strong>plicatilee</strong></span> <span class='ocrx_word' id='word_1_275' title='bbox 1117 4037 1254 4098; x_wconf 77' lang='lat' dir='ltr'><strong>humeris</strong></span> 
     </span>
    </p>
   </div>
   <div class='ocr_carea' id='block_1_10' title="bbox 142 4119 1347 4466">
    <p class='ocr_par' dir='ltr' id='par_1_12' title="bbox 142 4119 1254 4204">
     <span class='ocr_line' id='line_1_37' title="bbox 142 4119 1254 4204; baseline -0.002 -20"><span class='ocrx_word' id='word_1_276' title='bbox 142 4127 325 4204; x_wconf 80' lang='lat' dir='ltr'><strong>imponunt,</strong></span> <span class='ocrx_word' id='word_1_277' title='bbox 346 4135 382 4184; x_wconf 84' lang='lat' dir='ltr'><strong>ut</strong></span> <span class='ocrx_word' id='word_1_278' title='bbox 403 4125 445 4182; x_wconf 79' lang='lat' dir='ltr'><strong>r&#39;e‘e</strong></span> <span class='ocrx_word' id='word_1_279' title='bbox 466 4121 585 4182; x_wconf 80' lang='lat' dir='ltr'><strong>domini</strong></span> <span class='ocrx_word' id='word_1_280' title='bbox 606 4126 639 4182; x_wconf 82' lang='lat' dir='ltr'><strong>in</strong></span> <span class='ocrx_word' id='word_1_281' title='bbox 652 4123 742 4203; x_wconf 77' lang='lat' dir='ltr'><strong>fhre&#39;e</strong></span> <span class='ocrx_word' id='word_1_282' title='bbox 760 4119 924 4198; x_wconf 53' lang='lat' dir='ltr'><strong>incelleant,</strong></span> <span class='ocrx_word' id='word_1_283' title='bbox 944 4121 1073 4200; x_wconf 74' lang='lat' dir='ltr'><strong>Scythae</strong></span> <span class='ocrx_word' id='word_1_284' title='bbox 1092 4134 1175 4189; x_wconf 82' lang='lat' dir='ltr'><strong>aunt.</strong></span> <span class='ocrx_word' id='word_1_285' title='bbox 1216 4127 1254 4182; x_wconf 91' lang='lat' dir='ltr'><strong>lu</strong></span> 
     </span>
    </p>

    <p class='ocr_par' dir='ltr' id='par_1_13' title="bbox 142 4202 1347 4466">
     <span class='ocr_line' id='line_1_38' title="bbox 142 4202 1347 4295; baseline 0.001 -25"><span class='ocrx_word' id='word_1_286' title='bbox 142 4209 204 4270; x_wconf 90' lang='lat' dir='ltr'><strong>hoc</strong></span> <span class='ocrx_word' id='word_1_287' title='bbox 224 4211 346 4295; x_wconf 79' lang='lat' dir='ltr'><strong>Synesii</strong></span> <span class='ocrx_word' id='word_1_288' title='bbox 365 4210 433 4268; x_wconf 91' lang='lat' dir='ltr'><strong>loco</strong></span> <span class='ocrx_word' id='word_1_289' title='bbox 456 4229 511 4288; x_wconf 88' lang='lat' dir='ltr'><strong>pro</strong></span> <span class='ocrx_word' id='word_1_290' title='bbox 535 4202 671 4292; x_wconf 82' lang='grc' dir='ltr'><strong><em>οίγοιαῖς,</em></strong></span> <span class='ocrx_word' id='word_1_291' title='bbox 701 4209 770 4287; x_wconf 87' lang='lat' dir='ltr'><strong>lego</strong></span> <span class='ocrx_word' id='word_1_292' title='bbox 799 4202 924 4290; x_wconf 76' lang='grc' dir='ltr'><strong><em>ἆγοραῖς</em></strong></span> <span class='ocrx_word' id='word_1_293' title='bbox 950 4227 992 4266; x_wconf 86' lang='lat' dir='ltr'><strong>ex</strong></span> <span class='ocrx_word' id='word_1_294' title='bbox 1011 4207 1182 4288; x_wconf 85' lang='lat' dir='ltr'><strong>llesychio,</strong></span> <span class='ocrx_word' id='word_1_295' title='bbox 1214 4228 1255 4268; x_wconf 88' lang='lat' dir='ltr'><strong>ex</strong></span> <span class='ocrx_word' id='word_1_296' title='bbox 1270 4217 1295 4271; x_wconf 85' lang='grc' dir='ltr'><strong>Α</strong></span> <span class='ocrx_word' id='word_1_297' title='bbox 1310 4217 1347 4274; x_wconf 72' lang='grc'><strong>82</strong></span> 
     </span>
     <span class='ocr_line' id='line_1_39' title="bbox 143 4291 1255 4378; baseline 0.001 -24"><span class='ocrx_word' id='word_1_298' title='bbox 143 4317 206 4378; x_wconf 84' lang='lat' dir='ltr'><strong>quo</strong></span> <span class='ocrx_word' id='word_1_299' title='bbox 237 4307 267 4354; x_wconf 93' lang='lat' dir='ltr'><strong>et</strong></span> <span class='ocrx_word' id='word_1_300' title='bbox 294 4315 336 4354; x_wconf 86' lang='lat' dir='ltr'><strong>ex</strong></span> <span class='ocrx_word' id='word_1_301' title='bbox 354 4297 494 4374; x_wconf 87' lang='lat' dir='ltr'><strong>Procopii</strong></span> <span class='ocrx_word' id='word_1_302' title='bbox 515 4291 574 4354; x_wconf 90' lang='lat' dir='ltr'><strong>hoc</strong></span> <span class='ocrx_word' id='word_1_303' title='bbox 595 4294 662 4355; x_wconf 90' lang='lat' dir='ltr'><strong>loco</strong></span> <span class='ocrx_word' id='word_1_304' title='bbox 683 4304 748 4353; x_wconf 90' lang='lat' dir='ltr'><strong>tam</strong></span> <span class='ocrx_word' id='word_1_305' title='bbox 767 4298 945 4374; x_wconf 79' lang='lat' dir='ltr'><strong>perspicuus</strong></span> <span class='ocrx_word' id='word_1_306' title='bbox 969 4296 1033 4355; x_wconf 82' lang='lat' dir='ltr'><strong>iun</strong></span> <span class='ocrx_word' id='word_1_307' title='bbox 1052 4295 1106 4356; x_wconf 89' lang='lat' dir='ltr'><strong>ille</strong></span> <span class='ocrx_word' id='word_1_308' title='bbox 1128 4305 1191 4373; x_wconf 89' lang='lat' dir='ltr'><strong>est,</strong></span> <span class='ocrx_word' id='word_1_309' title='bbox 1220 4305 1255 4355; x_wconf 87' lang='lat' dir='ltr'><strong>ut</strong></span> 
     </span>
     <span class='ocr_line' id='line_1_40' title="bbox 144 4377 913 4466; baseline -0.003 -22"><span class='ocrx_word' id='word_1_310' title='bbox 144 4381 252 4444; x_wconf 62' lang='lat' dir='ltr'><strong>metus</strong></span> <span class='ocrx_word' id='word_1_311' title='bbox 274 4383 420 4466; x_wconf 84' lang='lat' dir='ltr'><strong>interpres</strong></span> <span class='ocrx_word' id='word_1_312' title='bbox 442 4381 564 4464; x_wconf 69' lang='lat' dir='ltr'><strong>synesii</strong></span> <span class='ocrx_word' id='word_1_313' title='bbox 583 4377 707 4442; x_wconf 82' lang='lat' dir='ltr'><strong>haerere</strong></span> <span class='ocrx_word' id='word_1_314' title='bbox 728 4399 791 4442; x_wconf 91' lang='lat' dir='ltr'><strong>non</strong></span> <span class='ocrx_word' id='word_1_315' title='bbox 805 4382 913 4463; x_wconf 83' lang='lat' dir='ltr'><strong>possit.</strong></span> 
     </span>
    </p>
   </div>
   <div class='ocr_carea' id='block_1_11' title="bbox 0 0 1500 4792">
    <p class='ocr_par' dir='ltr' id='par_1_14' title="bbox 0 0 1500 4792">
     <span class='ocr_line' id='line_1_41' title="bbox 0 0 1500 4792; baseline 0 0"><span class='ocrx_word' id='word_1_316' title='bbox 0 0 1500 4792; x_wconf 95' lang='lat' dir='ltr'><strong> </strong></span> 
     </span>
    </p>
   </div>
  </div>
 </body>
</html>
