<?xml version="1.0" encoding="UTF-8"?>
<!DOCTYPE html PUBLIC "-//W3C//DTD XHTML 1.0 Transitional//EN"
    "http://www.w3.org/TR/xhtml1/DTD/xhtml1-transitional.dtd">
<html xmlns="http://www.w3.org/1999/xhtml" xml:lang="en" lang="en">
 <head>
  <title>
</title>
<meta http-equiv="Content-Type" content="text/html;charset=utf-8" />
  <meta name='ocr-system' content='tesseract 3.04.00' />
  <meta name='ocr-capabilities' content='ocr_page ocr_carea ocr_par ocr_line ocrx_word'/>
</head>
<body>
  <div class='ocr_page' id='page_1' title='image "./corpusscriptoru15theogoog/corpusscriptoru15theogoog_0022.png"; bbox 0 0 2959 4792; ppageno 0'>
   <div class='ocr_carea' id='block_1_1' title="bbox 260 254 1060 335">
    <p class='ocr_par' dir='ltr' id='par_1_1' title="bbox 260 254 1060 335">
     <span class='ocr_line' id='line_1_1' title="bbox 260 254 1060 335; baseline -0.011 0"><span class='ocrx_word' id='word_1_1' title='bbox 260 277 320 335; x_wconf 77' lang='lat' dir='ltr'><strong>xtr</strong></span> <span class='ocrx_word' id='word_1_2' title='bbox 479 254 486 267; x_wconf 73' lang='grc'>’</span> <span class='ocrx_word' id='word_1_3' title='bbox 576 258 778 326; x_wconf 70' lang='lat' dir='ltr'><strong>meamne]</strong></span> <span class='ocrx_word' id='word_1_4' title='bbox 797 255 1060 326; x_wconf 69' lang='lat' dir='ltr'><strong>absentatio,</strong></span> 
     </span>
    </p>
   </div>
   <div class='ocr_carea' id='block_1_2' title="bbox 166 427 1385 1949">
    <p class='ocr_par' dir='ltr' id='par_1_2' title="bbox 166 427 1385 1949">
     <span class='ocr_line' id='line_1_2' title="bbox 261 427 1371 523; baseline -0.005 -24"><span class='ocrx_word' id='word_1_5' title='bbox 261 430 398 523; x_wconf 87' lang='lat' dir='ltr'><strong>peratoris</strong></span> <span class='ocrx_word' id='word_1_6' title='bbox 419 448 553 497; x_wconf 73' lang='lat' dir='ltr'><strong>mamam</strong></span> <span class='ocrx_word' id='word_1_7' title='bbox 567 430 715 496; x_wconf 67' lang='lat' dir='ltr'><strong>univerae</strong></span> <span class='ocrx_word' id='word_1_8' title='bbox 734 448 788 517; x_wconf 88' lang='lat' dir='ltr'><strong>per</strong></span> <span class='ocrx_word' id='word_1_9' title='bbox 806 427 954 515; x_wconf 84' lang='lat' dir='ltr'><strong>imperium</strong></span> <span class='ocrx_word' id='word_1_10' title='bbox 969 430 1122 497; x_wconf 79' lang='lat' dir='ltr'><strong>Romanum</strong></span> <span class='ocrx_word' id='word_1_11' title='bbox 1140 432 1243 517; x_wconf 78' lang='lat' dir='ltr'><strong>gentes</strong></span> <span class='ocrx_word' id='word_1_12' title='bbox 1262 433 1306 513; x_wconf 89' lang='lat' dir='ltr'><strong>(ot</strong></span> <span class='ocrx_word' id='word_1_13' title='bbox 1325 441 1371 494; x_wconf 83' lang='lat' dir='ltr'><strong>ast</strong></span> 
     </span>
     <span class='ocr_line' id='line_1_3' title="bbox 260 530 1370 615; baseline -0.006 -13"><span class='ocrx_word' id='word_1_14' title='bbox 260 538 334 602; x_wconf 91' lang='lat' dir='ltr'><strong>libro</strong></span> <span class='ocrx_word' id='word_1_15' title='bbox 356 536 465 615; x_wconf 89' lang='lat' dir='ltr'><strong>ultimo)</strong></span> <span class='ocrx_word' id='word_1_16' title='bbox 487 530 653 595; x_wconf 70' lang='lat' dir='ltr'><strong>lectitabant.</strong></span> <span class='ocrx_word' id='word_1_17' title='bbox 696 531 793 611; x_wconf 83' lang='lat' dir='ltr'><strong>Quare</strong></span> <span class='ocrx_word' id='word_1_18' title='bbox 813 532 917 597; x_wconf 86' lang='lat' dir='ltr'><strong>nemini</strong></span> <span class='ocrx_word' id='word_1_19' title='bbox 938 532 1211 609; x_wconf 68' lang='lat' dir='ltr'><strong>strenuitatem,</strong></span> <span class='ocrx_word' id='word_1_20' title='bbox 1234 530 1259 594; x_wconf 89' lang='lat' dir='ltr'><strong>si</strong></span> <span class='ocrx_word' id='word_1_21' title='bbox 1272 533 1310 596; x_wconf 86' lang='lat' dir='ltr'><strong>ad</strong></span> <span class='ocrx_word' id='word_1_22' title='bbox 1325 532 1370 595; x_wconf 88' lang='lat' dir='ltr'><strong>bi·</strong></span> 
     </span>
     <span class='ocr_line' id='line_1_4' title="bbox 261 616 1385 720; baseline -0.006 -16"><span class='ocrx_word' id='word_1_23' title='bbox 261 639 373 705; x_wconf 78' lang='lat' dir='ltr'><strong>steriam</strong></span> <span class='ocrx_word' id='word_1_24' title='bbox 385 634 556 703; x_wconf 61' lang='lat' dir='ltr'><strong>artacaeon</strong></span> <span class='ocrx_word' id='word_1_25' title='bbox 581 634 773 710; x_wconf 85' lang='lat' dir='ltr'><strong>asserendam,</strong></span> <span class='ocrx_word' id='word_1_26' title='bbox 802 633 850 699; x_wconf 86' lang='lat' dir='ltr'><strong>bic</strong></span> <span class='ocrx_word' id='word_1_27' title='bbox 864 647 894 699; x_wconf 91' lang='lat' dir='ltr'><strong>et</strong></span> <span class='ocrx_word' id='word_1_28' title='bbox 906 636 935 699; x_wconf 89' lang='lat' dir='ltr'><strong>in</strong></span> <span class='ocrx_word' id='word_1_29' title='bbox 948 634 1030 700; x_wconf 84' lang='lat' dir='ltr'><strong>Notis</strong></span> <span class='ocrx_word' id='word_1_30' title='bbox 1049 635 1229 720; x_wconf 69' lang='lat' dir='ltr'><strong>probationes</strong></span> <span class='ocrx_word' id='word_1_31' title='bbox 1249 655 1287 698; x_wconf 88' lang='lat' dir='ltr'><strong>ex</strong></span> <span class='ocrx_word' id='word_1_32' title='bbox 1300 616 1385 697; x_wconf 67' lang='lat' dir='ltr'><strong>reli·x</strong></span> 
     </span>
     <span class='ocr_line' id='line_1_5' title="bbox 261 736 1374 829; baseline -0.005 -23"><span class='ocrx_word' id='word_1_33' title='bbox 261 736 464 829; x_wconf 81' lang='lat' dir='ltr'><strong>quisProcepii</strong></span> <span class='ocrx_word' id='word_1_34' title='bbox 478 736 556 799; x_wconf 90' lang='lat' dir='ltr'><strong>libris</strong></span> <span class='ocrx_word' id='word_1_35' title='bbox 570 748 714 821; x_wconf 85' lang='lat' dir='ltr'><strong>petamus,</strong></span> <span class='ocrx_word' id='word_1_36' title='bbox 740 758 802 800; x_wconf 90' lang='lat' dir='ltr'><strong>eum</strong></span> <span class='ocrx_word' id='word_1_37' title='bbox 814 736 919 801; x_wconf 87' lang='lat' dir='ltr'><strong>nullam</strong></span> <span class='ocrx_word' id='word_1_38' title='bbox 931 750 987 801; x_wconf 75' lang='lat' dir='ltr'><strong>mm</strong></span> <span class='ocrx_word' id='word_1_39' title='bbox 1000 757 1111 813; x_wconf 84' lang='lat' dir='ltr'><strong>veram,</strong></span> <span class='ocrx_word' id='word_1_40' title='bbox 1133 749 1243 823; x_wconf 88' lang='lat' dir='ltr'><strong>tamque</strong></span> <span class='ocrx_word' id='word_1_41' title='bbox 1255 737 1374 801; x_wconf 88' lang='lat' dir='ltr'><strong>lidelem</strong></span> 
     </span>
     <span class='ocr_line' id='line_1_6' title="bbox 261 837 1374 926; baseline -0.003 -18"><span class='ocrx_word' id='word_1_42' title='bbox 261 844 298 909; x_wconf 89' lang='lat' dir='ltr'><strong>de</strong></span> <span class='ocrx_word' id='word_1_43' title='bbox 312 841 459 906; x_wconf 87' lang='lat' dir='ltr'><strong>lastiniane</strong></span> <span class='ocrx_word' id='word_1_44' title='bbox 470 837 613 903; x_wconf 87' lang='lat' dir='ltr'><strong>historiam</strong></span> <span class='ocrx_word' id='word_1_45' title='bbox 627 838 754 903; x_wconf 89' lang='lat' dir='ltr'><strong>invenire</strong></span> <span class='ocrx_word' id='word_1_46' title='bbox 771 840 871 916; x_wconf 84' lang='lat' dir='ltr'><strong>liceat,</strong></span> <span class='ocrx_word' id='word_1_47' title='bbox 895 862 978 926; x_wconf 86' lang='lat' dir='ltr'><strong>quam</strong></span> <span class='ocrx_word' id='word_1_48' title='bbox 996 838 1040 903; x_wconf 81' lang='lat' dir='ltr'><strong>sari</strong></span> <span class='ocrx_word' id='word_1_49' title='bbox 1055 840 1189 905; x_wconf 85' lang='lat' dir='ltr'><strong>calculum</strong></span> <span class='ocrx_word' id='word_1_50' title='bbox 1205 841 1254 905; x_wconf 91' lang='lat' dir='ltr'><strong>ille</strong></span> <span class='ocrx_word' id='word_1_51' title='bbox 1274 840 1374 906; x_wconf 73' lang='lat' dir='ltr'><strong>abunt</strong></span> 
     </span>
     <span class='ocr_line' id='line_1_7' title="bbox 262 940 1375 1029; baseline -0.003 -19"><span class='ocrx_word' id='word_1_52' title='bbox 262 942 412 1019; x_wconf 84' lang='lat' dir='ltr'><strong>adiecerit,</strong></span> <span class='ocrx_word' id='word_1_53' title='bbox 438 960 572 1029; x_wconf 86' lang='lat' dir='ltr'><strong>quamque</strong></span> <span class='ocrx_word' id='word_1_54' title='bbox 591 940 776 1025; x_wconf 85' lang='lat' dir='ltr'><strong>subiectorum</strong></span> <span class='ocrx_word' id='word_1_55' title='bbox 791 942 916 1007; x_wconf 84' lang='lat' dir='ltr'><strong>manibus</strong></span> <span class='ocrx_word' id='word_1_56' title='bbox 929 954 1004 1006; x_wconf 86' lang='lat' dir='ltr'><strong>totos</strong></span> <span class='ocrx_word' id='word_1_57' title='bbox 1018 954 1128 1027; x_wconf 88' lang='lat' dir='ltr'><strong>septem</strong></span> <span class='ocrx_word' id='word_1_58' title='bbox 1145 944 1291 1009; x_wconf 84' lang='lat' dir='ltr'><strong>aedoeon</strong></span> <span class='ocrx_word' id='word_1_59' title='bbox 1306 945 1375 1008; x_wconf 86' lang='lat' dir='ltr'><strong>lere</strong></span> 
     </span>
     <span class='ocr_line' id='line_1_8' title="bbox 262 1042 1374 1132; baseline -0.002 -21"><span class='ocrx_word' id='word_1_60' title='bbox 262 1070 351 1111; x_wconf 86' lang='lat' dir='ltr'><strong>anuos</strong></span> <span class='ocrx_word' id='word_1_61' title='bbox 366 1042 535 1132; x_wconf 82' lang='lat' dir='ltr'><strong>paruolutari</strong></span> <span class='ocrx_word' id='word_1_62' title='bbox 549 1052 605 1105; x_wconf 87' lang='lat' dir='ltr'><strong>tam</strong></span> <span class='ocrx_word' id='word_1_63' title='bbox 618 1042 765 1107; x_wconf 86' lang='lat' dir='ltr'><strong>ambitiose</strong></span> <span class='ocrx_word' id='word_1_64' title='bbox 778 1044 896 1120; x_wconf 79' lang='lat' dir='ltr'><strong>uiderit,</strong></span> <span class='ocrx_word' id='word_1_65' title='bbox 917 1056 947 1108; x_wconf 89' lang='lat' dir='ltr'><strong>ut</strong></span> <span class='ocrx_word' id='word_1_66' title='bbox 964 1052 1046 1108; x_wconf 85' lang='lat' dir='ltr'><strong>aucto</strong></span> <span class='ocrx_word' id='word_1_67' title='bbox 1062 1043 1215 1111; x_wconf 87' lang='lat' dir='ltr'><strong>bonoribus</strong></span> <span class='ocrx_word' id='word_1_68' title='bbox 1229 1070 1264 1110; x_wconf 88' lang='lat' dir='ltr'><strong>ac</strong></span> <span class='ocrx_word' id='word_1_69' title='bbox 1276 1045 1374 1132; x_wconf 77' lang='lat' dir='ltr'><strong>digui-</strong></span> 
     </span>
     <span class='ocr_line' id='line_1_9' title="bbox 166 1142 1376 1230; baseline -0.004 -16"><span class='ocrx_word' id='word_1_70' title='bbox 166 1147 189 1202; x_wconf 86' lang='lat' dir='ltr'>P</span> <span class='ocrx_word' id='word_1_71' title='bbox 206 1144 248 1202; x_wconf 86' lang='lat' dir='ltr'><strong>1x</strong></span> <span class='ocrx_word' id='word_1_72' title='bbox 265 1148 366 1213; x_wconf 87' lang='lat' dir='ltr'><strong>tatibus</strong></span> <span class='ocrx_word' id='word_1_73' title='bbox 379 1145 433 1230; x_wconf 84' lang='lat' dir='ltr'><strong>(oti</strong></span> <span class='ocrx_word' id='word_1_74' title='bbox 447 1142 536 1209; x_wconf 87' lang='lat' dir='ltr'><strong>statim</strong></span> <span class='ocrx_word' id='word_1_75' title='bbox 551 1144 689 1225; x_wconf 82' lang='lat' dir='ltr'><strong>dieamus)</strong></span> <span class='ocrx_word' id='word_1_76' title='bbox 700 1146 822 1223; x_wconf 70' lang='lat' dir='ltr'><strong>autore,</strong></span> <span class='ocrx_word' id='word_1_77' title='bbox 851 1145 945 1210; x_wconf 85' lang='lat' dir='ltr'><strong>eidem</strong></span> <span class='ocrx_word' id='word_1_78' title='bbox 957 1167 1093 1211; x_wconf 84' lang='lat' dir='ltr'><strong>uovorum</strong></span> <span class='ocrx_word' id='word_1_79' title='bbox 1107 1146 1144 1211; x_wconf 96' lang='lat' dir='ltr'><strong>de</strong></span> <span class='ocrx_word' id='word_1_80' title='bbox 1157 1148 1213 1211; x_wconf 87' lang='lat' dir='ltr'><strong>sais</strong></span> <span class='ocrx_word' id='word_1_81' title='bbox 1226 1144 1376 1212; x_wconf 78' lang='lat' dir='ltr'><strong>Aedificiis</strong></span> 
     </span>
     <span class='ocr_line' id='line_1_10' title="bbox 265 1245 1375 1335; baseline -0.004 -21"><span class='ocrx_word' id='word_1_82' title='bbox 265 1249 451 1315; x_wconf 89' lang='lat' dir='ltr'><strong>cudendorum</strong></span> <span class='ocrx_word' id='word_1_83' title='bbox 476 1246 608 1311; x_wconf 88' lang='lat' dir='ltr'><strong>librorum</strong></span> <span class='ocrx_word' id='word_1_84' title='bbox 634 1270 727 1311; x_wconf 85' lang='lat' dir='ltr'><strong>ourarn</strong></span> <span class='ocrx_word' id='word_1_85' title='bbox 747 1248 929 1312; x_wconf 88' lang='lat' dir='ltr'><strong>demandarit.</strong></span> <span class='ocrx_word' id='word_1_86' title='bbox 970 1246 1051 1311; x_wconf 85' lang='lat' dir='ltr'><strong>luca</strong></span> <span class='ocrx_word' id='word_1_87' title='bbox 1073 1245 1159 1335; x_wconf 82' lang='lat' dir='ltr'><strong>igitur</strong></span> <span class='ocrx_word' id='word_1_88' title='bbox 1185 1260 1241 1312; x_wconf 89' lang='lat' dir='ltr'><strong>tam</strong></span> <span class='ocrx_word' id='word_1_89' title='bbox 1262 1248 1375 1334; x_wconf 86' lang='lat' dir='ltr'><strong>prolixa</strong></span> 
     </span>
     <span class='ocr_line' id='line_1_11' title="bbox 264 1346 1376 1435; baseline -0.006 -15"><span class='ocrx_word' id='word_1_90' title='bbox 264 1350 381 1421; x_wconf 90' lang='lat' dir='ltr'><strong>bistoria</strong></span> <span class='ocrx_word' id='word_1_91' title='bbox 405 1351 479 1414; x_wconf 88' lang='lat' dir='ltr'><strong>adeo</strong></span> <span class='ocrx_word' id='word_1_92' title='bbox 493 1346 603 1425; x_wconf 85' lang='lat' dir='ltr'><strong>sobrie,</strong></span> <span class='ocrx_word' id='word_1_93' title='bbox 628 1369 666 1413; x_wconf 91' lang='lat' dir='ltr'><strong>ne</strong></span> <span class='ocrx_word' id='word_1_94' title='bbox 690 1349 782 1413; x_wconf 87' lang='lat' dir='ltr'><strong>dicam</strong></span> <span class='ocrx_word' id='word_1_95' title='bbox 803 1348 1073 1425; x_wconf 84' lang='lat' dir='ltr'><strong>ieiune,.lustiuiaui</strong></span> <span class='ocrx_word' id='word_1_96' title='bbox 1097 1349 1196 1415; x_wconf 87' lang='lat' dir='ltr'><strong>laudes</strong></span> <span class='ocrx_word' id='word_1_97' title='bbox 1219 1350 1376 1435; x_wconf 86' lang='lat' dir='ltr'><strong>Procopius</strong></span> 
     </span>
     <span class='ocr_line' id='line_1_12' title="bbox 266 1450 1374 1537; baseline -0.006 -17"><span class='ocrx_word' id='word_1_98' title='bbox 266 1451 415 1528; x_wconf 77' lang='lat' dir='ltr'><strong>delibavit3</strong></span> <span class='ocrx_word' id='word_1_99' title='bbox 440 1461 536 1515; x_wconf 77' lang='lat' dir='ltr'><strong>canna</strong></span> <span class='ocrx_word' id='word_1_100' title='bbox 549 1471 618 1515; x_wconf 80' lang='lat' dir='ltr'><strong>aero</strong></span> <span class='ocrx_word' id='word_1_101' title='bbox 638 1462 695 1515; x_wconf 89' lang='lat' dir='ltr'><strong>tam</strong></span> <span class='ocrx_word' id='word_1_102' title='bbox 713 1452 829 1536; x_wconf 86' lang='lat' dir='ltr'><strong>eopiosa</strong></span> <span class='ocrx_word' id='word_1_103' title='bbox 845 1450 948 1537; x_wconf 82' lang='lat' dir='ltr'><strong>sparsit</strong></span> <span class='ocrx_word' id='word_1_104' title='bbox 965 1450 1089 1517; x_wconf 85' lang='lat' dir='ltr'><strong>eiusdem</strong></span> <span class='ocrx_word' id='word_1_105' title='bbox 1108 1450 1215 1516; x_wconf 87' lang='lat' dir='ltr'><strong>semina</strong></span> <span class='ocrx_word' id='word_1_106' title='bbox 1232 1452 1374 1536; x_wconf 85' lang='lat' dir='ltr'><strong>vitupora-</strong></span> 
     </span>
     <span class='ocr_line' id='line_1_13' title="bbox 265 1550 1377 1642; baseline -0.006 -20"><span class='ocrx_word' id='word_1_107' title='bbox 265 1558 385 1631; x_wconf 78' lang='lat' dir='ltr'><strong>eorum,</strong></span> <span class='ocrx_word' id='word_1_108' title='bbox 420 1564 449 1619; x_wconf 89' lang='lat' dir='ltr'><strong>at</strong></span> <span class='ocrx_word' id='word_1_109' title='bbox 468 1572 559 1639; x_wconf 88' lang='lat' dir='ltr'><strong>neque</strong></span> <span class='ocrx_word' id='word_1_110' title='bbox 584 1550 624 1615; x_wconf 89' lang='lat' dir='ltr'><strong>ibi</strong></span> <span class='ocrx_word' id='word_1_111' title='bbox 645 1574 698 1639; x_wconf 88' lang='lat' dir='ltr'><strong>per</strong></span> <span class='ocrx_word' id='word_1_112' title='bbox 721 1553 921 1632; x_wconf 84' lang='lat' dir='ltr'><strong>adolationem,</strong></span> <span class='ocrx_word' id='word_1_113' title='bbox 953 1576 1044 1642; x_wconf 83' lang='lat' dir='ltr'><strong>noque</strong></span> <span class='ocrx_word' id='word_1_114' title='bbox 1067 1554 1115 1619; x_wconf 88' lang='lat' dir='ltr'><strong>bic</strong></span> <span class='ocrx_word' id='word_1_115' title='bbox 1136 1575 1189 1640; x_wconf 84' lang='lat' dir='ltr'><strong>par</strong></span> <span class='ocrx_word' id='word_1_116' title='bbox 1210 1551 1377 1618; x_wconf 82' lang='lat' dir='ltr'><strong>calumniam</strong></span> 
     </span>
     <span class='ocr_line' id='line_1_14' title="bbox 211 1652 1375 1747; baseline -0.002 -28"><span class='ocrx_word' id='word_1_117' title='bbox 211 1652 215 1667; x_wconf 74' lang='lat'>&#39;</span> <span class='ocrx_word' id='word_1_118' title='bbox 267 1658 365 1747; x_wconf 72' lang='lat' dir='ltr'><strong>egisse</strong></span> <span class='ocrx_word' id='word_1_119' title='bbox 379 1653 533 1743; x_wconf 72' lang='lat' dir='ltr'><strong>posteritati</strong></span> <span class='ocrx_word' id='word_1_120' title='bbox 553 1652 643 1719; x_wconf 85' lang='lat' dir='ltr'><strong>videri</strong></span> <span class='ocrx_word' id='word_1_121' title='bbox 663 1654 765 1741; x_wconf 67' lang='lat' dir='ltr'><strong>possita</strong></span> <span class='ocrx_word' id='word_1_122' title='bbox 786 1654 843 1721; x_wconf 90' lang='lat' dir='ltr'><strong>ime</strong></span> <span class='ocrx_word' id='word_1_123' title='bbox 861 1656 945 1723; x_wconf 85' lang='lat' dir='ltr'><strong>iidem</strong></span> <span class='ocrx_word' id='word_1_124' title='bbox 960 1658 1107 1723; x_wconf 82' lang='lat' dir='ltr'><strong>universae</strong></span> <span class='ocrx_word' id='word_1_125' title='bbox 1131 1654 1265 1720; x_wconf 73' lang='lat' dir='ltr'><strong>historiae</strong></span> <span class='ocrx_word' id='word_1_126' title='bbox 1279 1676 1315 1719; x_wconf 90' lang='lat' dir='ltr'><strong>ea</strong></span> <span class='ocrx_word' id='word_1_127' title='bbox 1330 1654 1375 1717; x_wconf 90' lang='lat' dir='ltr'><strong>di·</strong></span> 
     </span>
     <span class='ocr_line' id='line_1_15' title="bbox 267 1755 1374 1845; baseline -0.005 -18"><span class='ocrx_word' id='word_1_128' title='bbox 267 1760 349 1827; x_wconf 90' lang='lat' dir='ltr'><strong>cendi</strong></span> <span class='ocrx_word' id='word_1_129' title='bbox 363 1758 493 1823; x_wconf 88' lang='lat' dir='ltr'><strong>libertate</strong></span> <span class='ocrx_word' id='word_1_130' title='bbox 509 1755 690 1834; x_wconf 82' lang='lat' dir='ltr'><strong>conciliasse,</strong></span> <span class='ocrx_word' id='word_1_131' title='bbox 713 1778 794 1845; x_wconf 83' lang='lat' dir='ltr'><strong>quam</strong></span> <span class='ocrx_word' id='word_1_132' title='bbox 818 1780 870 1823; x_wconf 87' lang='lat' dir='ltr'><strong>suo</strong></span> <span class='ocrx_word' id='word_1_133' title='bbox 888 1758 1051 1825; x_wconf 87' lang='lat' dir='ltr'><strong>lastinianus</strong></span> <span class='ocrx_word' id='word_1_134' title='bbox 1069 1756 1206 1845; x_wconf 79' lang='lat' dir='ltr'><strong>mll&#39;ragio</strong></span> <span class='ocrx_word' id='word_1_135' title='bbox 1225 1771 1254 1823; x_wconf 89' lang='lat' dir='ltr'><strong>et</strong></span> <span class='ocrx_word' id='word_1_136' title='bbox 1268 1756 1374 1823; x_wconf 90' lang='lat' dir='ltr'><strong>autori·</strong></span> 
     </span>
     <span class='ocr_line' id='line_1_16' title="bbox 266 1858 514 1949; baseline -0.02 -19"><span class='ocrx_word' id='word_1_137' title='bbox 266 1874 325 1930; x_wconf 88' lang='lat' dir='ltr'><strong>tata</strong></span> <span class='ocrx_word' id='word_1_138' title='bbox 341 1858 514 1949; x_wconf 79' lang='lat' dir='ltr'><strong>probaverit.</strong></span> 
     </span>
    </p>
   </div>
   <div class='ocr_carea' id='block_1_3' title="bbox 124 1990 1376 4327">
    <p class='ocr_par' dir='ltr' id='par_1_3' title="bbox 266 1990 1376 2695">
     <span class='ocr_line' id='line_1_17' title="bbox 351 1990 1374 2086; baseline -0.003 -24"><span class='ocrx_word' id='word_1_139' title='bbox 351 1998 469 2071; x_wconf 85' lang='lat' dir='ltr'><strong>Lector,</strong></span> <span class='ocrx_word' id='word_1_140' title='bbox 494 1994 519 2059; x_wconf 85' lang='lat' dir='ltr'><strong>si</strong></span> <span class='ocrx_word' id='word_1_141' title='bbox 533 2016 635 2073; x_wconf 84' lang='lat' dir='ltr'><strong>vacas,</strong></span> <span class='ocrx_word' id='word_1_142' title='bbox 661 1994 733 2061; x_wconf 87' lang='lat' dir='ltr'><strong>bone</strong></span> <span class='ocrx_word' id='word_1_143' title='bbox 751 2008 920 2083; x_wconf 85' lang='lat' dir='ltr'><strong>postremum</strong></span> <span class='ocrx_word' id='word_1_144' title='bbox 941 2023 1002 2065; x_wconf 86' lang='lat' dir='ltr'><strong>oum</strong></span> <span class='ocrx_word' id='word_1_145' title='bbox 1023 1990 1137 2086; x_wconf 80' lang='lat' dir='ltr'><strong>reliquis</strong></span> <span class='ocrx_word' id='word_1_146' title='bbox 1155 1994 1374 2061; x_wconf 84' lang='lat' dir='ltr'><strong>committePro·</strong></span> 
     </span>
     <span class='ocr_line' id='line_1_18' title="bbox 267 2096 1374 2187; baseline -0.002 -22"><span class='ocrx_word' id='word_1_147' title='bbox 267 2098 342 2184; x_wconf 86' lang='lat' dir='ltr'><strong>sopii</strong></span> <span class='ocrx_word' id='word_1_148' title='bbox 355 2096 449 2173; x_wconf 91' lang='lat' dir='ltr'><strong>libris,</strong></span> <span class='ocrx_word' id='word_1_149' title='bbox 476 2096 609 2184; x_wconf 86' lang='lat' dir='ltr'><strong>pluraque</strong></span> <span class='ocrx_word' id='word_1_150' title='bbox 630 2110 659 2161; x_wconf 88' lang='lat' dir='ltr'><strong>et</strong></span> <span class='ocrx_word' id='word_1_151' title='bbox 672 2099 805 2187; x_wconf 81' lang='lat' dir='ltr'><strong>graviora</strong></span> <span class='ocrx_word' id='word_1_152' title='bbox 823 2124 905 2187; x_wconf 90' lang='lat' dir='ltr'><strong>quam</strong></span> <span class='ocrx_word' id='word_1_153' title='bbox 918 2100 966 2164; x_wconf 88' lang='lat' dir='ltr'><strong>bio</strong></span> <span class='ocrx_word' id='word_1_154' title='bbox 984 2101 1139 2165; x_wconf 79' lang='lat' dir='ltr'><strong>habeantur</strong></span> <span class='ocrx_word' id='word_1_155' title='bbox 1159 2098 1298 2165; x_wconf 84' lang='lat' dir='ltr'><strong>lastiniani</strong></span> <span class='ocrx_word' id='word_1_156' title='bbox 1318 2098 1374 2163; x_wconf 87' lang='lat' dir='ltr'><strong>eri·</strong></span> 
     </span>
     <span class='ocr_line' id='line_1_19' title="bbox 266 2200 1374 2288; baseline -0.004 -21"><span class='ocrx_word' id='word_1_157' title='bbox 266 2204 341 2267; x_wconf 87' lang='lat' dir='ltr'><strong>mina</strong></span> <span class='ocrx_word' id='word_1_158' title='bbox 355 2200 449 2265; x_wconf 86' lang='lat' dir='ltr'><strong>inillis</strong></span> <span class='ocrx_word' id='word_1_159' title='bbox 463 2200 604 2277; x_wconf 86' lang='lat' dir='ltr'><strong>invenias,</strong></span> <span class='ocrx_word' id='word_1_160' title='bbox 628 2202 764 2287; x_wconf 89' lang='lat' dir='ltr'><strong>pleraque</strong></span> <span class='ocrx_word' id='word_1_161' title='bbox 786 2202 869 2266; x_wconf 88' lang='lat' dir='ltr'><strong>etiam</strong></span> <span class='ocrx_word' id='word_1_162' title='bbox 889 2202 974 2267; x_wconf 84' lang='lat' dir='ltr'><strong>insius</strong></span> <span class='ocrx_word' id='word_1_163' title='bbox 999 2215 1028 2266; x_wconf 91' lang='lat' dir='ltr'><strong>et</strong></span> <span class='ocrx_word' id='word_1_164' title='bbox 1048 2202 1155 2267; x_wconf 87' lang='lat' dir='ltr'><strong>maiore</strong></span> <span class='ocrx_word' id='word_1_165' title='bbox 1175 2209 1309 2288; x_wconf 89' lang='lat' dir='ltr'><strong>apparatu</strong></span> <span class='ocrx_word' id='word_1_166' title='bbox 1323 2222 1374 2263; x_wconf 85' lang='lat' dir='ltr'><strong>ex-</strong></span> 
     </span>
     <span class='ocr_line' id='line_1_20' title="bbox 267 2299 1374 2389; baseline -0.001 -24"><span class='ocrx_word' id='word_1_167' title='bbox 267 2302 384 2389; x_wconf 84' lang='lat' dir='ltr'><strong>plicata;</strong></span> <span class='ocrx_word' id='word_1_168' title='bbox 410 2299 614 2379; x_wconf 88' lang='lat' dir='ltr'><strong>crudelitatem,</strong></span> <span class='ocrx_word' id='word_1_169' title='bbox 639 2302 799 2381; x_wconf 85' lang='lat' dir='ltr'><strong>avaritiam,</strong></span> <span class='ocrx_word' id='word_1_170' title='bbox 829 2302 940 2367; x_wconf 89' lang='lat' dir='ltr'><strong>iulidum</strong></span> <span class='ocrx_word' id='word_1_171' title='bbox 955 2304 1074 2368; x_wconf 90' lang='lat' dir='ltr'><strong>animum</strong></span> <span class='ocrx_word' id='word_1_172' title='bbox 1094 2303 1250 2380; x_wconf 71' lang='lat' dir='ltr'><strong>immicos,</strong></span> <span class='ocrx_word' id='word_1_173' title='bbox 1280 2304 1374 2366; x_wconf 82' lang='lat' dir='ltr'><strong>datam</strong></span> 
     </span>
     <span class='ocr_line' id='line_1_21' title="bbox 267 2401 1374 2492; baseline -0.002 -23"><span class='ocrx_word' id='word_1_174' title='bbox 267 2405 394 2469; x_wconf 87' lang='lat' dir='ltr'><strong>hostibus</strong></span> <span class='ocrx_word' id='word_1_175' title='bbox 408 2402 500 2479; x_wconf 82' lang='lat' dir='ltr'><strong>fidem,</strong></span> <span class='ocrx_word' id='word_1_176' title='bbox 527 2426 561 2467; x_wconf 86' lang='lat' dir='ltr'><strong>ae</strong></span> <span class='ocrx_word' id='word_1_177' title='bbox 575 2401 723 2479; x_wconf 88' lang='lat' dir='ltr'><strong>violatam,</strong></span> <span class='ocrx_word' id='word_1_178' title='bbox 747 2403 893 2490; x_wconf 86' lang='lat' dir='ltr'><strong>inprobos</strong></span> <span class='ocrx_word' id='word_1_179' title='bbox 909 2406 1011 2481; x_wconf 87' lang='lat' dir='ltr'><strong>odium,</strong></span> <span class='ocrx_word' id='word_1_180' title='bbox 1040 2428 1163 2470; x_wconf 88' lang='lat' dir='ltr'><strong>amorem</strong></span> <span class='ocrx_word' id='word_1_181' title='bbox 1179 2405 1208 2469; x_wconf 88' lang='lat' dir='ltr'><strong>iu</strong></span> <span class='ocrx_word' id='word_1_182' title='bbox 1222 2404 1374 2492; x_wconf 85' lang='lat' dir='ltr'><strong>improbos,</strong></span> 
     </span>
     <span class='ocr_line' id='line_1_22' title="bbox 268 2502 1374 2593; baseline -0.003 -22"><span class='ocrx_word' id='word_1_183' title='bbox 268 2508 310 2571; x_wconf 88' lang='lat' dir='ltr'><strong>ius</strong></span> <span class='ocrx_word' id='word_1_184' title='bbox 324 2506 469 2573; x_wconf 85' lang='lat' dir='ltr'><strong>humanum</strong></span> <span class='ocrx_word' id='word_1_185' title='bbox 484 2516 567 2593; x_wconf 81' lang='lat' dir='ltr'><strong>¹atque</strong></span> <span class='ocrx_word' id='word_1_186' title='bbox 582 2502 717 2579; x_wconf 85' lang='lat' dir='ltr'><strong>divinum,</strong></span> <span class='ocrx_word' id='word_1_187' title='bbox 738 2506 857 2593; x_wconf 88' lang='lat' dir='ltr'><strong>denique</strong></span> <span class='ocrx_word' id='word_1_188' title='bbox 871 2508 964 2572; x_wconf 88' lang='lat' dir='ltr'><strong>emnia</strong></span> <span class='ocrx_word' id='word_1_189' title='bbox 984 2508 1021 2572; x_wconf 91' lang='lat' dir='ltr'><strong>ad</strong></span> <span class='ocrx_word' id='word_1_190' title='bbox 1033 2507 1204 2572; x_wconf 81' lang='lat' dir='ltr'><strong>Theodorus</strong></span> <span class='ocrx_word' id='word_1_191' title='bbox 1218 2506 1374 2593; x_wconf 87' lang='lat' dir='ltr'><strong>imperium,</strong></span> 
     </span>
     <span class='ocr_line' id='line_1_23' title="bbox 268 2605 1376 2695; baseline -0.001 -24"><span class='ocrx_word' id='word_1_192' title='bbox 268 2621 352 2695; x_wconf 89' lang='lat' dir='ltr'><strong>atqua</strong></span> <span class='ocrx_word' id='word_1_193' title='bbox 376 2607 518 2673; x_wconf 85' lang='lat' dir='ltr'><strong>libidinem</strong></span> <span class='ocrx_word' id='word_1_194' title='bbox 543 2617 712 2691; x_wconf 84' lang='lat' dir='ltr'><strong>temperata:</strong></span> <span class='ocrx_word' id='word_1_195' title='bbox 742 2605 815 2669; x_wconf 89' lang='lat' dir='ltr'><strong>baec</strong></span> <span class='ocrx_word' id='word_1_196' title='bbox 828 2607 856 2671; x_wconf 92' lang='lat' dir='ltr'><strong>in</strong></span> <span class='ocrx_word' id='word_1_197' title='bbox 880 2608 935 2672; x_wconf 93' lang='lat' dir='ltr'><strong>illis</strong></span> <span class='ocrx_word' id='word_1_198' title='bbox 948 2608 1027 2673; x_wconf 85' lang='lat' dir='ltr'><strong>libris</strong></span> <span class='ocrx_word' id='word_1_199' title='bbox 1051 2608 1151 2694; x_wconf 88' lang='lat' dir='ltr'><strong>raptim</strong></span> <span class='ocrx_word' id='word_1_200' title='bbox 1169 2609 1293 2673; x_wconf 86' lang='lat' dir='ltr'><strong>indicare</strong></span> <span class='ocrx_word' id='word_1_201' title='bbox 1319 2629 1376 2670; x_wconf 91' lang='lat' dir='ltr'><strong>non</strong></span> 
     </span>
    </p>

    <p class='ocr_par' dir='ltr' id='par_1_4' title="bbox 124 2708 1374 4327">
     <span class='ocr_line' id='line_1_24' title="bbox 124 2708 1373 2797; baseline -0.004 -22"><span class='ocrx_word' id='word_1_202' title='bbox 124 2749 132 2764; x_wconf 91' lang='lat'><strong>·</strong></span> <span class='ocrx_word' id='word_1_203' title='bbox 267 2710 357 2797; x_wconf 86' lang='lat' dir='ltr'><strong>piget.</strong></span> <span class='ocrx_word' id='word_1_204' title='bbox 399 2710 529 2775; x_wconf 91' lang='lat' dir='ltr'><strong>loannem</strong></span> <span class='ocrx_word' id='word_1_205' title='bbox 553 2708 752 2795; x_wconf 79' lang='lat' dir='ltr'><strong>Cappadocem</strong></span> <span class='ocrx_word' id='word_1_206' title='bbox 779 2708 954 2775; x_wconf 79' lang='lat' dir='ltr'><strong>Praefectum</strong></span> <span class='ocrx_word' id='word_1_207' title='bbox 980 2709 1141 2787; x_wconf 87' lang='lat' dir='ltr'><strong>Praetorio,</strong></span> <span class='ocrx_word' id='word_1_208' title='bbox 1173 2732 1191 2773; x_wconf 91' lang='lat' dir='ltr'><strong>a</strong></span> <span class='ocrx_word' id='word_1_209' title='bbox 1220 2708 1373 2773; x_wconf 81' lang='lat' dir='ltr'><strong>Theodora</strong></span> 
     </span>
     <span class='ocr_line' id='line_1_25' title="bbox 266 2808 1374 2898; baseline -0.004 -23"><span class='ocrx_word' id='word_1_210' title='bbox 266 2813 390 2898; x_wconf 82' lang='lat' dir='ltr'><strong>privatas</strong></span> <span class='ocrx_word' id='word_1_211' title='bbox 411 2809 525 2875; x_wconf 85' lang='lat' dir='ltr'><strong>iniurias</strong></span> <span class='ocrx_word' id='word_1_212' title='bbox 553 2822 739 2897; x_wconf 80' lang='lat' dir='ltr'><strong>persequente</strong></span> <span class='ocrx_word' id='word_1_213' title='bbox 759 2808 830 2873; x_wconf 85' lang='lat' dir='ltr'><strong>laiso</strong></span> <span class='ocrx_word' id='word_1_214' title='bbox 851 2810 1050 2896; x_wconf 88' lang='lat' dir='ltr'><strong>perduellionis</strong></span> <span class='ocrx_word' id='word_1_215' title='bbox 1072 2824 1227 2877; x_wconf 85' lang='lat' dir='ltr'><strong>accusatum</strong></span> <span class='ocrx_word' id='word_1_216' title='bbox 1251 2809 1374 2874; x_wconf 89' lang='lat' dir='ltr'><strong>liberare</strong></span> 
     </span>
     <span class='ocr_line' id='line_1_26' title="bbox 267 2910 1371 3001; baseline -0.005 -23"><span class='ocrx_word' id='word_1_217' title='bbox 267 2914 428 2979; x_wconf 68' lang='lat' dir='ltr'><strong>lastinianus</strong></span> <span class='ocrx_word' id='word_1_218' title='bbox 445 2936 501 2978; x_wconf 91' lang='lat' dir='ltr'><strong>nou</strong></span> <span class='ocrx_word' id='word_1_219' title='bbox 514 2911 613 2990; x_wconf 90' lang='lat' dir='ltr'><strong>audet,</strong></span> <span class='ocrx_word' id='word_1_220' title='bbox 640 2910 782 2977; x_wconf 85' lang='lat' dir='ltr'><strong>submissis</strong></span> <span class='ocrx_word' id='word_1_221' title='bbox 799 2932 869 2975; x_wconf 84' lang='lat' dir='ltr'><strong>vero</strong></span> <span class='ocrx_word' id='word_1_222' title='bbox 890 2913 962 2977; x_wconf 87' lang='lat' dir='ltr'><strong>elam</strong></span> <span class='ocrx_word' id='word_1_223' title='bbox 983 2912 1088 2979; x_wconf 86' lang='lat' dir='ltr'><strong>nunciis</strong></span> <span class='ocrx_word' id='word_1_224' title='bbox 1110 2914 1148 2979; x_wconf 92' lang='lat' dir='ltr'><strong>de</strong></span> <span class='ocrx_word' id='word_1_225' title='bbox 1168 2914 1313 3001; x_wconf 78' lang='lat' dir='ltr'><strong>Augustae</strong></span> <span class='ocrx_word' id='word_1_226' title='bbox 1331 2910 1371 2975; x_wconf 90' lang='lat' dir='ltr'><strong>iu·</strong></span> 
     </span>
     <span class='ocr_line' id='line_1_27' title="bbox 268 3013 1371 3101; baseline -0.004 -21"><span class='ocrx_word' id='word_1_227' title='bbox 268 3016 346 3080; x_wconf 87' lang='lat' dir='ltr'><strong>sidiis</strong></span> <span class='ocrx_word' id='word_1_228' title='bbox 369 3016 517 3080; x_wconf 86' lang='lat' dir='ltr'><strong>certiorem</strong></span> <span class='ocrx_word' id='word_1_229' title='bbox 541 3014 622 3080; x_wconf 85' lang='lat' dir='ltr'><strong>iacit:</strong></span> <span class='ocrx_word' id='word_1_230' title='bbox 655 3014 768 3079; x_wconf 89' lang='lat' dir='ltr'><strong>tandem</strong></span> <span class='ocrx_word' id='word_1_231' title='bbox 796 3025 915 3101; x_wconf 81' lang='lat' dir='ltr'><strong>urgente</strong></span> <span class='ocrx_word' id='word_1_232' title='bbox 941 3016 1062 3081; x_wconf 79' lang='lat' dir='ltr'><strong>foemina</strong></span> <span class='ocrx_word' id='word_1_233' title='bbox 1089 3014 1229 3081; x_wconf 88' lang='lat' dir='ltr'><strong>homiuem</strong></span> <span class='ocrx_word' id='word_1_234' title='bbox 1250 3013 1371 3087; x_wconf 87' lang='lat' dir='ltr'><strong>crimine,</strong></span> 
     </span>
     <span class='ocr_line' id='line_1_28' title="bbox 269 3116 1374 3207; baseline -0.005 -24"><span class='ocrx_word' id='word_1_235' title='bbox 269 3118 346 3183; x_wconf 89' lang='lat' dir='ltr'><strong>euius</strong></span> <span class='ocrx_word' id='word_1_236' title='bbox 360 3117 469 3204; x_wconf 86' lang='lat' dir='ltr'><strong>quidam</strong></span> <span class='ocrx_word' id='word_1_237' title='bbox 484 3116 708 3193; x_wconf 84' lang='lat' dir='ltr'><strong>insimulabatur,</strong></span> <span class='ocrx_word' id='word_1_238' title='bbox 731 3139 862 3194; x_wconf 87' lang='lat' dir='ltr'><strong>vacuum,</strong></span> <span class='ocrx_word' id='word_1_239' title='bbox 887 3116 942 3181; x_wconf 91' lang='lat' dir='ltr'><strong>sibi</strong></span> <span class='ocrx_word' id='word_1_240' title='bbox 966 3138 1037 3183; x_wconf 86' lang='lat' dir='ltr'><strong>vero</strong></span> <span class='ocrx_word' id='word_1_241' title='bbox 1062 3119 1143 3183; x_wconf 85' lang='lat' dir='ltr'><strong>unice</strong></span> <span class='ocrx_word' id='word_1_242' title='bbox 1163 3130 1272 3207; x_wconf 80' lang='lat' dir='ltr'><strong>gratum</strong></span> <span class='ocrx_word' id='word_1_243' title='bbox 1292 3128 1374 3201; x_wconf 89' lang='lat' dir='ltr'><strong>atque</strong></span> 
     </span>
     <span class='ocr_line' id='line_1_29' title="bbox 270 3217 1371 3305; baseline -0.006 -19"><span class='ocrx_word' id='word_1_244' title='bbox 270 3220 463 3287; x_wconf 84' lang='lat' dir='ltr'><strong>amicissimum</strong></span> <span class='ocrx_word' id='word_1_245' title='bbox 485 3218 586 3295; x_wconf 88' lang='lat' dir='ltr'><strong>exilio,</strong></span> <span class='ocrx_word' id='word_1_246' title='bbox 616 3232 644 3285; x_wconf 91' lang='lat' dir='ltr'><strong>at</strong></span> <span class='ocrx_word' id='word_1_247' title='bbox 671 3217 808 3283; x_wconf 87' lang='lat' dir='ltr'><strong>bonorum</strong></span> <span class='ocrx_word' id='word_1_248' title='bbox 831 3218 1034 3305; x_wconf 82' lang='lat' dir='ltr'><strong>proscriptione</strong></span> <span class='ocrx_word' id='word_1_249' title='bbox 1056 3222 1181 3299; x_wconf 81' lang='lat' dir='ltr'><strong>damnat3</strong></span> <span class='ocrx_word' id='word_1_250' title='bbox 1212 3220 1250 3285; x_wconf 81' lang='lat' dir='ltr'><strong>ab</strong></span> <span class='ocrx_word' id='word_1_251' title='bbox 1276 3218 1371 3293; x_wconf 82' lang='lat' dir='ltr'><strong>exilio,</strong></span> 
     </span>
     <span class='ocr_line' id='line_1_30' title="bbox 271 3319 1373 3406; baseline -0.005 -19"><span class='ocrx_word' id='word_1_252' title='bbox 271 3322 324 3387; x_wconf 89' lang='lat' dir='ltr'><strong>nisi</strong></span> <span class='ocrx_word' id='word_1_253' title='bbox 339 3320 458 3385; x_wconf 86' lang='lat' dir='ltr'><strong>extincta</strong></span> <span class='ocrx_word' id='word_1_254' title='bbox 478 3319 646 3398; x_wconf 82' lang='lat' dir='ltr'><strong>Theodora,</strong></span> <span class='ocrx_word' id='word_1_255' title='bbox 680 3320 816 3385; x_wconf 86' lang='lat' dir='ltr'><strong>insontem</strong></span> <span class='ocrx_word' id='word_1_256' title='bbox 838 3340 975 3385; x_wconf 75' lang='lat' dir='ltr'><strong>reuecme</strong></span> <span class='ocrx_word' id='word_1_257' title='bbox 999 3344 1056 3386; x_wconf 90' lang='lat' dir='ltr'><strong>non</strong></span> <span class='ocrx_word' id='word_1_258' title='bbox 1078 3346 1169 3387; x_wconf 84' lang='lat' dir='ltr'><strong>ausus.</strong></span> <span class='ocrx_word' id='word_1_259' title='bbox 1206 3322 1281 3387; x_wconf 80' lang='lat' dir='ltr'><strong>inita</strong></span> <span class='ocrx_word' id='word_1_260' title='bbox 1302 3338 1373 3406; x_wconf 86' lang='lat' dir='ltr'><strong>paee</strong></span> 
     </span>
     <span class='ocr_line' id='line_1_31' title="bbox 270 3420 1373 3499; baseline -0.005 -10"><span class='ocrx_word' id='word_1_261' title='bbox 270 3445 333 3489; x_wconf 87' lang='lat' dir='ltr'><strong>eum</strong></span> <span class='ocrx_word' id='word_1_262' title='bbox 346 3421 490 3498; x_wconf 76' lang='lat' dir='ltr'><strong>Chesios,</strong></span> <span class='ocrx_word' id='word_1_263' title='bbox 515 3422 738 3499; x_wconf 66' lang='lat' dir='ltr'><strong>Alemundarm</strong></span> <span class='ocrx_word' id='word_1_264' title='bbox 755 3434 785 3486; x_wconf 88' lang='lat' dir='ltr'><strong>et</strong></span> <span class='ocrx_word' id='word_1_265' title='bbox 800 3422 914 3486; x_wconf 83' lang='lat' dir='ltr'><strong>lluuuos</strong></span> <span class='ocrx_word' id='word_1_266' title='bbox 930 3421 967 3487; x_wconf 87' lang='lat' dir='ltr'><strong>ad</strong></span> <span class='ocrx_word' id='word_1_267' title='bbox 980 3424 1083 3490; x_wconf 83' lang='lat' dir='ltr'><strong>bellurn</strong></span> <span class='ocrx_word' id='word_1_268' title='bbox 1097 3422 1191 3491; x_wconf 88' lang='lat' dir='ltr'><strong>Persis</strong></span> <span class='ocrx_word' id='word_1_269' title='bbox 1203 3420 1373 3487; x_wconf 73' lang='lat' dir='ltr'><strong>inferendum</strong></span> 
     </span>
     <span class='ocr_line' id='line_1_32' title="bbox 270 3522 1371 3613; baseline -0.004 -22"><span class='ocrx_word' id='word_1_270' title='bbox 270 3546 323 3610; x_wconf 91' lang='lat' dir='ltr'><strong>spe</strong></span> <span class='ocrx_word' id='word_1_271' title='bbox 337 3538 366 3589; x_wconf 89' lang='lat' dir='ltr'><strong>et</strong></span> <span class='ocrx_word' id='word_1_272' title='bbox 381 3522 470 3611; x_wconf 84' lang='lat' dir='ltr'><strong>pretio</strong></span> <span class='ocrx_word' id='word_1_273' title='bbox 491 3525 622 3603; x_wconf 89' lang='lat' dir='ltr'><strong>solicitat,</strong></span> <span class='ocrx_word' id='word_1_274' title='bbox 646 3526 728 3613; x_wconf 90' lang='lat' dir='ltr'><strong>idque</strong></span> <span class='ocrx_word' id='word_1_275' title='bbox 755 3523 784 3588; x_wconf 89' lang='lat' dir='ltr'><strong>in</strong></span> <span class='ocrx_word' id='word_1_276' title='bbox 808 3545 925 3612; x_wconf 78' lang='lat' dir='ltr'><strong>gravem</strong></span> <span class='ocrx_word' id='word_1_277' title='bbox 939 3526 1052 3611; x_wconf 86' lang='lat' dir='ltr'><strong>imperii</strong></span> <span class='ocrx_word' id='word_1_278' title='bbox 1067 3524 1186 3593; x_wconf 79' lang='lat' dir='ltr'><strong>Romani</strong></span> <span class='ocrx_word' id='word_1_279' title='bbox 1211 3522 1371 3611; x_wconf 89' lang='lat' dir='ltr'><strong>perniciem.</strong></span> 
     </span>
     <span class='ocr_line' id='line_1_33' title="bbox 270 3626 1373 3714; baseline -0.002 -24"><span class='ocrx_word' id='word_1_280' title='bbox 270 3626 389 3691; x_wconf 83' lang='lat' dir='ltr'><strong>Militem</strong></span> <span class='ocrx_word' id='word_1_281' title='bbox 403 3648 455 3713; x_wconf 88' lang='lat' dir='ltr'><strong>per</strong></span> <span class='ocrx_word' id='word_1_282' title='bbox 469 3627 553 3692; x_wconf 89' lang='lat' dir='ltr'><strong>urbes</strong></span> <span class='ocrx_word' id='word_1_283' title='bbox 566 3626 780 3714; x_wconf 85' lang='lat' dir='ltr'><strong>praesidiarium</strong></span> <span class='ocrx_word' id='word_1_284' title='bbox 789 3627 902 3714; x_wconf 80' lang='lat' dir='ltr'><strong>negatis</strong></span> <span class='ocrx_word' id='word_1_285' title='bbox 915 3627 963 3693; x_wconf 90' lang='lat' dir='ltr'><strong>diu</strong></span> <span class='ocrx_word' id='word_1_286' title='bbox 980 3627 1126 3713; x_wconf 88' lang='lat' dir='ltr'><strong>stipendiis</strong></span> <span class='ocrx_word' id='word_1_287' title='bbox 1138 3630 1175 3693; x_wconf 87' lang='lat' dir='ltr'><strong>ad</strong></span> <span class='ocrx_word' id='word_1_288' title='bbox 1190 3626 1373 3690; x_wconf 79' lang='lat' dir='ltr'><strong>deiectionem</strong></span> 
     </span>
     <span class='ocr_line' id='line_1_34' title="bbox 273 3724 1371 3813; baseline -0.003 -20"><span class='ocrx_word' id='word_1_289' title='bbox 273 3728 396 3813; x_wconf 85' lang='lat' dir='ltr'><strong>impellit.</strong></span> <span class='ocrx_word' id='word_1_290' title='bbox 441 3730 556 3795; x_wconf 90' lang='lat' dir='ltr'><strong>Praeter</strong></span> <span class='ocrx_word' id='word_1_291' title='bbox 570 3732 691 3796; x_wconf 82' lang='lat' dir='ltr'><strong>urbanos</strong></span> <span class='ocrx_word' id='word_1_292' title='bbox 706 3752 740 3793; x_wconf 88' lang='lat' dir='ltr'><strong>ac</strong></span> <span class='ocrx_word' id='word_1_293' title='bbox 753 3729 938 3807; x_wconf 82' lang='lat' dir='ltr'><strong>domesticos,</strong></span> <span class='ocrx_word' id='word_1_294' title='bbox 968 3730 1107 3795; x_wconf 85' lang='lat' dir='ltr'><strong>incastris</strong></span> <span class='ocrx_word' id='word_1_295' title='bbox 1129 3732 1199 3795; x_wconf 87' lang='lat' dir='ltr'><strong>duos</strong></span> <span class='ocrx_word' id='word_1_296' title='bbox 1219 3727 1315 3791; x_wconf 89' lang='lat' dir='ltr'><strong>babuit</strong></span> <span class='ocrx_word' id='word_1_297' title='bbox 1333 3724 1371 3791; x_wconf 89' lang='lat' dir='ltr'><strong>in·</strong></span> 
     </span>
     <span class='ocr_line' id='line_1_35' title="bbox 269 3829 1373 3917; baseline -0.001 -24"><span class='ocrx_word' id='word_1_298' title='bbox 269 3830 449 3917; x_wconf 76' lang='lat' dir='ltr'><strong>signessuaa</strong></span> <span class='ocrx_word' id='word_1_299' title='bbox 471 3832 606 3897; x_wconf 85' lang='lat' dir='ltr'><strong>avaritiae</strong></span> <span class='ocrx_word' id='word_1_300' title='bbox 619 3832 773 3907; x_wconf 87' lang='lat' dir='ltr'><strong>ministros,</strong></span> <span class='ocrx_word' id='word_1_301' title='bbox 796 3830 928 3895; x_wconf 85' lang='lat' dir='ltr'><strong>loannem</strong></span> <span class='ocrx_word' id='word_1_302' title='bbox 948 3831 1133 3911; x_wconf 82' lang='lat' dir='ltr'><strong>Quaestorem</strong></span> <span class='ocrx_word' id='word_1_303' title='bbox 1154 3829 1306 3907; x_wconf 83' lang='lat' dir='ltr'><strong>exercitus,</strong></span> <span class='ocrx_word' id='word_1_304' title='bbox 1327 3830 1373 3915; x_wconf 78' lang='lat' dir='ltr'><strong>spui</strong></span> 
     </span>
     <span class='ocr_line' id='line_1_36' title="bbox 269 3932 1372 4021; baseline -0.003 -24"><span class='ocrx_word' id='word_1_305' title='bbox 269 3944 298 3997; x_wconf 92' lang='lat' dir='ltr'><strong>ut</strong></span> <span class='ocrx_word' id='word_1_306' title='bbox 323 3932 472 4017; x_wconf 87' lang='lat' dir='ltr'><strong>stunptibus</strong></span> <span class='ocrx_word' id='word_1_307' title='bbox 491 3945 622 4021; x_wconf 88' lang='lat' dir='ltr'><strong>parceret</strong></span> <span class='ocrx_word' id='word_1_308' title='bbox 646 3932 840 4019; x_wconf 84' lang='lat' dir='ltr'><strong>Imperatoris,</strong></span> <span class='ocrx_word' id='word_1_309' title='bbox 866 3954 941 4017; x_wconf 88' lang='lat' dir='ltr'><strong>pana</strong></span> <span class='ocrx_word' id='word_1_310' title='bbox 963 3934 1077 3998; x_wconf 87' lang='lat' dir='ltr'><strong>sordide</strong></span> <span class='ocrx_word' id='word_1_311' title='bbox 1105 3934 1248 4021; x_wconf 80' lang='lat' dir='ltr'><strong>ingentem</strong></span> <span class='ocrx_word' id='word_1_312' title='bbox 1261 3932 1372 3995; x_wconf 73' lang='lat' dir='ltr'><strong>milimu</strong></span> 
     </span>
     <span class='ocr_line' id='line_1_37' title="bbox 270 4034 1371 4123; baseline -0.003 -24"><span class='ocrx_word' id='word_1_313' title='bbox 270 4035 467 4101; x_wconf 86' lang='lat' dir='ltr'><strong>multitudinem</strong></span> <span class='ocrx_word' id='word_1_314' title='bbox 484 4034 595 4123; x_wconf 90' lang='lat' dir='ltr'><strong>impune</strong></span> <span class='ocrx_word' id='word_1_315' title='bbox 609 4036 733 4109; x_wconf 85' lang='lat' dir='ltr'><strong>necavit;</strong></span> <span class='ocrx_word' id='word_1_316' title='bbox 757 4046 786 4098; x_wconf 89' lang='lat' dir='ltr'><strong>ot</strong></span> <span class='ocrx_word' id='word_1_317' title='bbox 798 4034 986 4099; x_wconf 78' lang='lat' dir='ltr'><strong>Alexandrum</strong></span> <span class='ocrx_word' id='word_1_318' title='bbox 1006 4034 1189 4113; x_wconf 65' lang='lat' dir='ltr'><strong>eorumne,</strong></span> <span class='ocrx_word' id='word_1_319' title='bbox 1214 4035 1291 4100; x_wconf 87' lang='lat' dir='ltr'><strong>cuius</strong></span> <span class='ocrx_word' id='word_1_320' title='bbox 1307 4034 1371 4099; x_wconf 91' lang='lat' dir='ltr'><strong>odio</strong></span> 
     </span>
     <span class='ocr_line' id='line_1_38' title="bbox 272 4134 1372 4227; baseline -0.001 -26"><span class='ocrx_word' id='word_1_321' title='bbox 272 4137 373 4201; x_wconf 80' lang='lat' dir='ltr'><strong>rubbes</strong></span> <span class='ocrx_word' id='word_1_322' title='bbox 392 4160 451 4203; x_wconf 87' lang='lat' dir='ltr'><strong>ram</strong></span> <span class='ocrx_word' id='word_1_323' title='bbox 469 4140 505 4204; x_wconf 91' lang='lat' dir='ltr'><strong>do</strong></span> <span class='ocrx_word' id='word_1_324' title='bbox 525 4138 656 4203; x_wconf 86' lang='lat' dir='ltr'><strong>industria</strong></span> <span class='ocrx_word' id='word_1_325' title='bbox 677 4136 752 4201; x_wconf 88' lang='lat' dir='ltr'><strong>mala</strong></span> <span class='ocrx_word' id='word_1_326' title='bbox 768 4156 874 4223; x_wconf 71' lang='lat' dir='ltr'><strong>gerare</strong></span> <span class='ocrx_word' id='word_1_327' title='bbox 896 4134 1026 4203; x_wconf 88' lang='lat' dir='ltr'><strong>initalia</strong></span> <span class='ocrx_word' id='word_1_328' title='bbox 1047 4138 1216 4227; x_wconf 79' lang='lat' dir='ltr'><strong>pergebant.</strong></span> <span class='ocrx_word' id='word_1_329' title='bbox 1257 4137 1372 4222; x_wconf 87' lang='lat' dir='ltr'><strong>Propter</strong></span> 
     </span>
     <span class='ocr_line' id='line_1_39' title="bbox 272 4236 1372 4327; baseline -0.003 -22"><span class='ocrx_word' id='word_1_330' title='bbox 272 4238 415 4305; x_wconf 70' lang='lat' dir='ltr'><strong>arabiam</strong></span> <span class='ocrx_word' id='word_1_331' title='bbox 442 4240 618 4327; x_wconf 79' lang='lat' dir='ltr'><strong>Logothetas</strong></span> <span class='ocrx_word' id='word_1_332' title='bbox 639 4238 745 4305; x_wconf 87' lang='lat' dir='ltr'><strong>ibidem</strong></span> <span class='ocrx_word' id='word_1_333' title='bbox 769 4236 897 4312; x_wconf 84' lang='lat' dir='ltr'><strong>iustitait;</strong></span> <span class='ocrx_word' id='word_1_334' title='bbox 936 4250 965 4303; x_wconf 90' lang='lat' dir='ltr'><strong>et</strong></span> <span class='ocrx_word' id='word_1_335' title='bbox 987 4240 1094 4307; x_wconf 84' lang='lat' dir='ltr'><strong>[tornae</strong></span> <span class='ocrx_word' id='word_1_336' title='bbox 1120 4260 1219 4307; x_wconf 83' lang='lat' dir='ltr'><strong>omues</strong></span> <span class='ocrx_word' id='word_1_337' title='bbox 1242 4238 1372 4303; x_wconf 81' lang='lat' dir='ltr'><strong>bonmuu</strong></span> 
     </span>
    </p>
   </div>
   <div class='ocr_carea' id='block_1_4' title="bbox 0 0 1489 4792">
    <p class='ocr_par' dir='ltr' id='par_1_5' title="bbox 0 0 1489 4792">
     <span class='ocr_line' id='line_1_40' title="bbox 0 0 1489 4792; baseline 0 0"><span class='ocrx_word' id='word_1_338' title='bbox 0 0 1489 4792; x_wconf 95' lang='lat' dir='ltr'><strong> </strong></span> 
     </span>
    </p>
   </div>
  </div>
 </body>
</html>
