2959 4792
270 294 347 371 438
545 332 548 341 ·
621 294 667 365 ΙΝ
691 293 805 365 met.
827 294 1027 365 sncsuffl

269 464 481 540 incumbebat,
503 468 538 522 nt
558 460 726 523 Artabanes
749 472 781 521 et
799 461 948 523 coniurati
972 457 1025 521 laic
1044 478 1117 524 anm
1135 460 1205 521 neci
1232 467 1373 543 opportu-

269 552 429 611 nissimum
451 570 484 609 se
504 545 661 609 habituros
682 558 848 630 sperarent.
889 550 985 607 Proca
1006 550 1055 607 ins
1083 549 1105 606 l.
1127 550 1148 611 8
1174 548 1249 606 bell.
1274 546 1383 608 Gottlr.

270 632 417 717 Kaidrrrar
432 628 603 713 ἀφύλακτος
623 628 672 698 o'sl
693 634 743 698 ert
756 633 864 715 λέσχης
878 630 959 707 τινὸς
980 631 1059 715 carol
1078 636 1142 694 τοῖν
1160 636 1284 696 νυκτῶν
1299 632 1384 713 ὁμοῦ

268 728 334 797 τοῖς
352 725 416 783 rain
437 718 543 802 ἱερέων
558 718 814 803 ἒσχατογὲρουσιν,
838 715 964 800 ἄσχετον
983 714 1167 781 ἀνακυκλεῖν
1186 715 1224 781 cd
1237 722 1384 797 Χριστια·

268 810 337 871 vnio
356 802 443 889 λόγια
470 802 607 887 σπονδήν
630 805 721 887 ἔχωνς
743 814 887 887 perpetuo
913 807 979 863 eine
998 802 1180 863 custodibue
1197 802 1318 862 desidet
1338 801 1386 862 ed

269 892 403 951 multam
424 903 542 951 noctem
562 894 596 950 in
621 912 747 950 musaeo
769 912 839 949 curn
858 890 1032 949 senioribus
1050 889 1219 970 quibusque
1238 887 1383 948 sacerdo-

269 977 367 1057 tibus,
402 980 604 1036 attentiaeirno
631 976 737 1037 etudio
772 996 890 1035 arcana
921 976 1170 1036 Christianorum
1197 973 1384 1055 dogmatum

270 1064 472 1143 irrveetigone.
514 1064 594 1123 Male
613 1064 795 1144 Procopium
815 1063 965 1121 Antonine
986 1062 1117 1121 concine
1144 1060 1321 1140 redargnit3
1349 1058 1385 1119 id

161 1151 185 1209 Ρ
202 1152 254 1211 158
270 1152 435 1229 Procopius
457 1146 507 1207 hic
528 1152 697 1229 vituperare
714 1147 843 1224 ridetur,
866 1146 949 1229 qnod
968 1149 1133 1228 imperator
1150 1149 1299 1225 neglectis
1320 1148 1385 1205 rei·

269 1235 409 1317 publicae
430 1237 560 1314 negotiis
583 1238 719 1315 apprime
740 1237 934 1307 necessariis,
962 1234 1171 1293 ecclesiasticis
1195 1233 1287 1291 rebus
1315 1252 1384 1291 sera

269 1322 474 1394 immisceret,
497 1318 580 1402 quod
601 1340 656 1401 per
677 1339 830 1381 summam
852 1320 1050 1379 ambitionem
1070 1337 1228 1399 nunqnam
1247 1337 1314 1379 non
1334 1318 1385 1376 ia-

270 1408 398 1465 cutavit.
440 1407 599 1465 Liberatus
627 1408 659 1464 in
681 1409 816 1466 Breviar.
838 1425 866 1463 c.
888 1408 929 1473 23
960 1405 1074 1465 ανιηιιίΙ
1098 1406 1265 1484 imperator
1276 1404 1384 1483 socs'i-

270 1492 361 1569 iime,
380 1490 575 1571 gaudentes
595 1487 633 1548 de
652 1491 771 1550 talibus
790 1493 896 1550 causis
916 1489 1070 1549 iudicium
1084 1492 1184 1567 [επις
1208 1508 1324 1568 nempe
1345 1486 1384 1547 de

271 1578 492 1636 ecclesiasticis.
542 1578 600 1649 Qui
629 1574 837 1657 disputantem
865 1574 904 1634 de
938 1574 1119 1655 theologicis
1153 1575 1385 1655 quaestionibus

269 1665 472 1722 Imtiniannm
493 1659 597 1721 andire
619 1663 703 1739 vult,
736 1672 768 1720 et
793 1658 898 1720 videre
924 1662 1006 1719 inter
1031 1663 1190 1740 episcopos
1219 1658 1385 1718 considen-

270 1756 352 1821 tem,
380 1746 472 1807 modo
493 1744 677 1823 haereticos,
705 1745 799 1807 modo
821 1743 992 1806 Catholicos
1018 1747 1173 1825 praesules
1193 1756 1384 1821 monentem,

271 1830 505 1912 docentemque,
532 1842 563 1891 et
582 1852 660 1912 pene
679 1834 886 1905 exultantem,
908 1835 972 1890 suis
992 1850 1055 1891 non
1076 1828 1169 1889 modo
1185 1828 1386 1910 disceptatio·

271 1917 371 1992 nibus,
394 1916 448 1977 sed
466 1920 560 1976 etiam
578 1918 655 1977 fusis
677 1916 717 1977 ad
738 1916 832 1977 deum
851 1918 992 1996 precibus
1012 1914 1234 1975 haereticorum
1256 1936 1386 1975 conver-

175 2007 255 2065 Δ87
272 2004 390 2063 sionem
428 2000 667 2079 adscribentem,
701 2004 786 2083 legat
822 2004 983 2081 epistolam
1014 2004 1183 2059 innocentii
1211 2003 1385 2061 Maroniani
1477 2057 1478 2072 ,

271 2090 416 2169 Episcopi
438 2086 477 2147 ad
491 2086 678 2150 Thematem
689 2090 911 2169 presbyterum,
933 2090 966 2145 in
985 2086 1057 2144 fine.
1101 2086 1179 2145 (lum
1198 2088 1280 2147 forte
1300 2090 1385 2166 Aga·

271 2185 362 2257 petus
382 2174 523 2254 pontifex
543 2176 697 2235 Romanus
719 2172 856 2233 nondam
870 2169 1010 2231 suthimt
1031 2170 1224 2231 damnatione
1244 2192 1386 2252 pronun·
1477 2239 1478 2242 χ

272 2262 351 2319 niatu
381 2260 463 2318 diem
491 2260 632 2335 obiisset3
661 2278 723 2318 non
753 2258 916 2318 defuerunt
941 2260 1076 2337 episcopi
1103 2260 1158 2338 qni
1185 2278 1258 2317 cnm
1286 2260 1385 2319 Paulo
1477 2255 1478 2290 ¹

271 2346 427 2424 Apameae
448 2348 614 2405 Iustiniana
636 2347 680 2404 sic
698 2343 814 2404 adulati
833 2352 917 2403 sunt.
959 2342 1137 2423 Agapetum
1158 2338 1313 2426 szioroe
1336 2366 1384 2424 ns-

272 2428 422 2510 ridrnder,
441 2430 494 2493 irc
513 2425 546 2495 nd
566 2422 716 2511 niripiunt
736 2434 792 2509 τῆς
812 2422 1031 2513 κατορθώσεως
1050 2432 1091 2514 τῇ
1110 2426 1241 2515 irratione
1261 2426 1385 2513 φυλᾶξχ

270 2509 463 2599 quintrionis,
485 2514 630 2574 dominus
651 2515 825 2589 transtulit,
846 2525 884 2572 ut
903 2516 1003 2593 operia
1023 2518 1317 2572 conaummationens
1334 2538 1386 2573 oe·

270 2610 353 2659 strae
366 2602 523 2659 aeternitati
538 2612 714 2668 reservaret.
756 2602 869 2662 verum
890 2610 1053 2680 antequam
1069 2600 1233 2679 imperium
1251 2611 1384 2680 caperet,

273 2681 487 2765 aThenphilo
508 2685 625 2745 Abbate
646 2696 839 2767 praeceptore
860 2703 915 2744 sno
941 2682 991 2745 hir
1019 2695 1084 2743 erat
1103 2687 1166 2743 iam
1186 2683 1297 2745 studiis
1321 2690 1385 2745 im-

272 2770 383 2829 butus:
411 2790 485 2829 nam
507 2790 577 2831 cnm
597 2774 786 2831 sanctissimo
807 2770 948 2850 pontifice
968 2772 1107 2850 Agapeto
1127 2768 1180 2829 diu
1205 2780 1297 2851 atque
1323 2792 1384 2851 pa-

272 2858 409 2935 gnaciter
434 2876 489 2937 pro
510 2853 699 2935 Eutychiana
726 2854 846 2915 haeresi
865 2854 1042 2934 disputarit.
1083 2858 1273 2915 Anastasius.
1295 2858 1384 2917 Paul.

272 2942 360 3001 Diuo.
403 2944 438 3001 ln
461 2960 520 3023 qua
547 2940 749 3021 dlsputatione
770 2942 950 3021 magistrum
971 2938 1143 3000 Catholicae
1167 2940 1240 2999 fidei
1259 2944 1384 3023 Agape-

272 3034 341 3085 tnm
362 3030 533 3086 Romanum
562 3046 672 3107 pravae
701 3025 740 3085 de
768 3028 916 3105 religione
935 3028 1102 3085 sententiae
1123 3028 1301 3087 insimulare
1322 3048 1383 3087 non

273 3112 394 3170 erubuit
419 3114 626 3171 inflatissimus
656 3114 782 3171 scientia
803 3114 1004 3186 lastinianus,
1032 3110 1114 3193 qnod
1135 3132 1177 3170 ex
1201 3123 1307 3171 autore
1327 3133 1383 3193 ap-

271 3195 409 3278 pendicis
431 3196 470 3256 ad
491 3199 701 3256 Marcellinum
722 3197 864 3276 colligere
885 3207 943 3256 est.
986 3194 1056 3275 lpse
1075 3198 1249 3277 Agopetue,
1272 3202 1381 3279 inquit,

273 3293 438 3341 extremum
466 3278 547 3341 diem
570 3282 647 3341 obiit
676 3284 710 3342 in
739 3280 883 3361 dominc3
911 3285 945 3341 in
967 3282 1055 3342 nulio
1075 3295 1178 3342 turnen
1197 3287 1282 3342 sicea
1307 3286 1335 3343 ei
1360 3304 1381 3342 a

267 3370 411 3449 principe
433 3366 651 3441 obiiciebotur,
674 3369 806 3427 sentiens
825 3378 934 3427 contra
946 3366 1054 3447 fidem.
1097 3372 1164 3428 imo
1185 3368 1381 3450 quadriennio

274 3464 345 3512 ante
367 3452 533 3512 adrentum
550 3455 681 3533 Agapeti
696 3454 989 3533 Constantinopolim
1005 3456 1098 3514 libros
1118 3453 1157 3513 de
1176 3458 1381 3515 incarnatione

275 3536 428 3598 dominica
457 3536 569 3612 edidit,
600 3549 631 3597 et
657 3539 845 3619 Illyricianos
873 3541 1038 3619 Episcopos
1067 3538 1107 3599 ed
1131 3540 1381 3601 subscribendam

275 3627 386 3704 coigit.
429 3626 530 3685 Victor
549 3626 654 3684 Tnnn.
698 3626 745 3683 De
771 3622 820 3684 hie
848 3634 880 3683 et
906 3626 974 3683 aliis
1003 3624 1140 3685 eiusdem
1163 3626 1250 3687 libais
1279 3645 1380 3686 eornm

274 3720 447 3790 temporum
473 3710 606 3792 aequalis
633 3708 783 3770 isidorus:
813 3709 1010 3770 lastinianus
1035 3714 1201 3791 imperator
1229 3711 1380 3792 quosdam

273 3792 372 3855 libros
391 3794 429 3855 de
449 3798 662 3857 incarnatione
683 3794 802 3855 domini
821 3794 937 3871 edidit,
961 3816 1039 3877 quoe
1059 3800 1154 3856 etiarn
1168 3818 1226 3876 per·
1245 3799 1382 3857 dicerene

274 3883 362 3939 misit
380 3886 569 3958 provincias.
615 3879 763 3942 Condidit
778 3902 898 3963 quoqu-e
919 3892 947 3940 et
966 3886 1148 3962 rescriptum
1168 3894 1278 3942 contra
1295 3904 1382 3963 sync-

273 3961 351 4023 dunr
372 3966 602 4047 illyricianam,
630 3978 660 4026 et
687 3964 836 4028 aurorae
856 3965 1029 4046 Africanos
1047 3970 1235 4049 Episcopoe,
1262 3972 1299 4028 in
1324 3990 1380 4049 quo

274 4051 341 4109 triu
363 4053 504 4131 capitulo
524 4049 680 4113 contendit
699 4050 856 4115 dnnrnore.
899 4054 1012 4112 libelli
1040 4056 1238 4115 confessionis
1267 4053 1338 4114 fidei
1364 4072 1382 4113 a

273 4136 442 4197 Iustiniano
463 4136 552 4213 editi,
580 4140 721 4197 meminit
741 4140 765 4198 l.
785 4136 818 4202 1.
859 4136 994 4197 Facund.
1016 4142 1173 4199 Hermian.
1194 4141 1249 4199 lib.
1270 4140 1382 4202 verni

276 4224 408 4280 secernit
429 4223 467 4281 ab
488 4220 546 4282 hoc
566 4225 699 4283 sirnilem
719 4226 827 4300 alium,
847 4226 1009 4284 Iustiniani
1028 4230 1150 4284 nomine
1171 4226 1210 4284 ab
1225 4224 1381 4285 haereticis

276 4316 505 4387 praenotatum:
526 4326 567 4369 ex
588 4306 637 4370 his
656 4312 863 4372 monumentis
882 4330 981 4371 unum
996 4310 1094 4395 (qnod
1108 4328 1166 4392 ego
1184 4312 1295 4393 eciam)
1314 4322 1381 4371 ten-
