2959 4792
478 332 623 401 NOTAE
646 332 872 403 dLEllllNNl.
1152 337 1227 409 387

120 493 162 559 ad
183 496 339 579 episcopos
365 498 400 557 in
428 495 557 558 eandem
583 499 766 561 seutentiam
785 498 874 577 dato,
901 508 937 560 ut
960 518 1037 560 mox
1057 498 1228 563 declarabo.

119 584 312 665 Quamquam
332 604 403 645 vero
420 587 528 644 Instini
549 588 737 661 constitutio,
768 589 853 646 cuins
881 583 933 644 hio
951 587 1092 645 meminit
1114 591 1228 649 Proco-

119 672 209 751 pius,
237 681 308 730 nota
330 671 460 730 consolis
481 681 581 729 careat
601 690 664 730 non
685 672 787 731 solum
809 674 843 731 in
863 674 1017 751 impressis
1037 674 1141 749 libris,
1171 672 1228 733 sed

119 758 214 815 mam
240 758 273 813 iu
303 759 426 837 antiqno
458 754 561 815 codice
587 758 748 832 Vatican03
780 768 885 817 tamen
915 777 957 817 ex
986 760 1131 839 inscripto
1162 761 1228 819 De-

119 838 287 901 mosthenis
306 844 445 917 nomine,
466 842 691 922 promulgatam
712 862 781 901 eam
801 863 864 904 uon
885 841 1058 903 dubitamus
1078 854 1149 924 post
1169 864 1229 905 an-

119 946 198 985 num
217 928 325 985 lustini
343 930 477 1003 tertium,
498 930 549 987 vel
567 926 694 988 duobos.
705 929 917 1009 sequentihus,
941 927 1063 1011 mando
1083 932 1227 1009 praetorii

120 1012 342 1093 praefecturam
356 1010 576 1073 Demosthenes
594 1012 824 1090 administravit,
845 1024 880 1073 ut
901 1033 941 1073 ex
956 1026 1130 1094 praetorum
1150 1020 1228 1075 serie
1244 1016 1269 1075 V
1284 1014 1338 1075 ³64

121 1096 165 1156 ad
193 1100 352 1159 consulum
380 1110 501 1178 tempus
527 1119 546 1159 a
571 1100 659 1158 nobis
689 1110 826 1158 revocata
851 1096 955 1158 videre
984 1101 1056 1158 licet
1081 1102 1161 1159 infra
1188 1100 1230 1162 ad

121 1200 157 1263 p·
182 1186 235 1247 92.
284 1187 386 1265 Ipsam
411 1186 520 1243 Iustini
546 1187 807 1260 constitutionem,
839 1182 924 1267 quod
950 1183 990 1244 ad
1018 1186 1230 1247 illustrandam

122 1278 240 1348 partem
260 1265 353 1331 huius
373 1266 516 1329 historiae
536 1272 731 1350 praecipuam
750 1270 914 1350 pertineat,
935 1267 987 1329 hic
1002 1272 1152 1350 integram
1173 1271 1231 1332 da·

121 1372 204 1413 mus.
245 1355 282 1412 ln
311 1374 371 1435 qna
400 1353 474 1415 duo
491 1357 586 1414 velim
611 1354 844 1415 animadvertas.
884 1358 959 1415 Post
984 1357 1086 1435 legem
1106 1358 1232 1435 Iuliam,

122 1438 422 1517 constantinianam,
460 1450 491 1499 et
520 1444 702 1501 Martianam
735 1439 774 1499 de
810 1449 984 1502 ansteum
1017 1445 1229 1520 matrimoniis,

122 1527 258 1604 primum
286 1525 342 1585 sub
364 1528 479 1585 Iustino
508 1538 538 1585 et
565 1528 732 1586 Iustiniano
761 1525 905 1586 auditam
921 1546 988 1586 esse
1014 1529 1048 1585 in
1075 1528 1147 1587 orbe
1166 1532 1231 1589 Ro-

121 1629 215 1670 mauo
236 1614 423 1671 sanctionem
445 1610 482 1669 de
510 1623 683 1672 senatorum
706 1614 821 1692 nuptiis
842 1632 914 1671 cum
934 1614 1057 1671 abiectis
1081 1617 1231 1693 personis.

121 1694 241 1755 Deinde
261 1698 334 1755 licet
354 1700 388 1756 is
410 1698 623 1757 Constantiana
642 1698 712 1777 lege
739 1695 893 1776 perhanc
913 1700 1069 1780 antiquata
1088 1702 1232 1759 nomim-

120 1780 182 1840 tim
201 1791 344 1841 notentur
363 1783 511 1857 armillae,
532 1783 671 1863 libmce,
693 1785 843 1858 comicae,
864 1783 1066 1863 tcbmrcrioe,
1087 1784 1232 1843 lenonum

121 1876 154 1925 et
175 1870 386 1926 cremiorum
392 1868 496 1947 filiae,
518 1888 657 1949 qrscsqne
675 1869 881 1927 mercimoniis
888 1868 1015 1948 publice
1021 1872 1234 1949 pruefiserint3

121 1961 228 2009 umen
248 1963 283 2011 ut
302 1954 392 2033 plane
413 1954 651 2033 intelligeremus
668 1974 722 2034 pro
735 1951 899 2013 Theodora
918 1954 1065 2012 mutem
1084 1952 1165 2013 hano
1181 1956 1231 2015 le-

122 2055 197 2116 gem
215 2037 320 2113 subse,
344 2041 496 2097 lustinum
516 2040 595 2099 solas
616 2036 667 2097 hic
686 2040 844 2098 nominare
862 2039 1007 2099 mulieres
1019 2041 1169 2118 amcos,
1189 2058 1231 2101 ex

121 2140 186 2205 qua
205 2124 353 2183 nimirum
372 2124 458 2183 faece
478 2121 643 2184 Theodora
662 2124 773 2183 iuerat.

293 2288 408 2363 Ius.
465 2288 555 2366 IU
588 2290 616 2365 S
651 2292 696 2365 T.
756 2292 1065 2366 Aucusrcs

361 2412 574 2473 Dauosrurrr
595 2428 776 2471 rasrrsoro
798 2429 994 2474 rasaromo.

210 2544 379 2626 imperialis
402 2546 629 2606 benevolentiae
649 2548 807 2627 proprium
825 2543 885 2605 hoo
906 2565 973 2607 esse
992 2544 1174 2621 indicentes,
1195 2554 1232 2605 ut

123 2629 212 2689 omni
236 2640 373 2712 tempore
403 2633 606 2693 subiectorum
634 2630 795 2692 commoda
820 2641 886 2690 tam
911 2634 1110 2711 investigere,
1138 2648 1232 2713 qnam

123 2716 173 2773 eis
199 2714 316 2777 mederi
343 2735 555 2797 procuremus:
583 2719 687 2797 lapsus
715 2736 837 2799 quoqne
862 2718 1043 2791 mulierum,
1071 2736 1127 2796 per
1155 2736 1232 2797 quos

123 2798 285 2879 indignam
306 2801 420 2863 honore
444 2806 703 2863 conversationem
729 2802 937 2862 imbecillitate
960 2820 1053 2860 sexus
1074 2803 1231 2878 elegerint,

123 2890 310 2965 competenti
330 2888 536 2949 moderatione
562 2887 763 2949 sublevandos
790 2906 856 2947 esse
884 2902 1060 2946 censemus:
1087 2888 1233 2945 minime-

123 2990 187 3053 que
209 2975 252 3033 eis
274 2993 362 3054 spem
381 2974 515 3034 melioris
538 2972 717 3034 conditionis
747 2971 898 3048 adimere,
926 2982 962 3030 ut
984 2968 1025 3029 ad
1046 2988 1115 3029 eam
1133 2972 1233 3049 respi-

124 3059 256 3133 cientes,
288 3058 491 3139 improvidam
520 3069 551 3118 et
580 3062 683 3119 minus
715 3057 877 3118 honestam
906 3056 1085 3115 electionem
1111 3055 1231 3114 facilim

125 3140 348 3225 derelinquant.
391 3148 469 3205 Nam
495 3146 538 3204 ita
566 3144 717 3203 oredimus
746 3142 797 3202 dei
816 3142 1075 3214 benevolentiam,
1103 3149 1134 3198 et
1154 3142 1233 3198 circa

125 3246 224 3307 genus
242 3228 411 3289 hnmanmn
428 3232 555 3289 nimiam
573 3231 775 3304 clementiam,
798 3238 946 3309 quantum
965 3236 1086 3286 nocuae
1106 3236 1231 3283 nemeae
1247 3228 1272 3283 Α
1287 3228 1323 3285 39

124 3314 272 3393 possibile
294 3326 356 3390 est,
377 3317 507 3391 imitari,
526 3317 579 3397 qui
600 3314 758 3375 cotidianis
778 3312 939 3374 homiuum
958 3312 1090 3391 peccatis
1113 3330 1234 3389 semper

124 3400 285 3477 ignoscme
308 3398 467 3479 dignatur,
498 3411 529 3459 et
549 3402 767 3481 poeniteutiam
788 3401 939 3479 smcipere
958 3408 1111 3471 nostram,
1142 3406 1174 3455 st
1192 3394 1234 3455 ad

124 3485 287 3545 meliorem
313 3505 382 3545 eam
409 3496 520 3546 statum
545 3484 703 3547 deducere.
746 3483 834 3557 Quod
860 3487 888 3543 si
913 3484 992 3542 circa
1018 3492 1137 3542 nostros
1158 3481 1233 3541 sub-

125 3570 222 3630 iectos
242 3574 371 3651 imperio
391 3590 448 3632 nos
476 3574 569 3631 etiam
588 3572 687 3631 iacere
709 3568 899 3645 differamus,
928 3568 1015 3626 nulla
1037 3569 1127 3627 venia
1148 3564 1234 3645 digni

126 3674 196 3715 esse
217 3656 398 3717 ridebimru.
441 3660 546 3739 ltaque
567 3676 637 3716 enm
662 3658 810 3715 iniustum
834 3657 892 3729 sit,
922 3672 1025 3714 servos
1046 3650 1172 3732 quidem
1192 3654 1235 3711 li·

123 3740 243 3802 hertate
266 3740 401 3818 donatos,
422 3762 512 3824 posse
532 3762 587 3824 per
606 3741 739 3802 divinam
758 3739 979 3819 indulgentiam
998 3739 1149 3797 natalibus
1169 3739 1233 3797 suis

124 3829 264 3903 restitui,
285 3839 445 3910 postquam
468 3826 644 3889 huiusmodi
663 3828 828 3907 principale
848 3825 1027 3885 beneficium
1047 3826 1092 3882 ita
1111 3821 1231 3902 degere,
1247 3826 1338 3885 Pili

124 3915 217 3994 qnasi
243 3933 401 3996 nunquam
421 3918 597 3989 servissent,
631 3911 686 3973 sed
713 3913 838 3991 ingenui
856 3913 922 3970 uati
943 3919 1060 3969 essentt
1091 3911 1235 3970 mulieres

124 4010 250 4075 antem,
281 4020 357 4081 quae
387 4003 513 4061 scenicis
544 3993 669 4081 quidem
698 3998 778 4079 lupis
806 4018 873 4057 sese
899 4005 968 4055 ante
995 3994 1234 4070 immiscuerunt,

123 4096 234 4171 postea
267 4106 339 4145 vero
375 4098 475 4168 spreta
505 4088 586 4145 mala
615 4082 787 4147 madidone
813 4082 855 4143 ad
881 4083 1040 4141 meliorem
1066 4082 1235 4161 migravere

123 4173 324 4246 senteutiam,
361 4183 391 4230 et
421 4170 614 4233 inhonestam
641 4171 862 4253 professionem
896 4166 1082 4247 effugerunt,
1116 4166 1235 4224 nullom

124 4280 217 4343 spem
245 4258 420 4339 principalis
446 4255 558 4318 habere
577 4258 733 4332 beneficii,
761 4254 845 4338 qnod
871 4274 923 4315 eas
949 4252 990 4314 ad
1014 4252 1105 4313 iilum
1123 4261 1236 4309 statum

124 4346 296 4421 reduceret,
317 4344 349 4402 in
371 4362 433 4426 quo
454 4346 482 4405 si
501 4341 579 4404 nihil
600 4342 753 4407 inhonesti
772 4351 931 4425 peccatum
946 4349 1036 4414 esset,
1056 4337 1236 4398 commorari
