2959 4792
241 204 317 281 384
590 205 638 277 nt
663 206 774 276 nist.
797 206 993 276 sncsnm

240 377 369 457 τρανῶς.
412 366 459 439 ὅτι
478 369 665 441 enuncia
685 368 836 458 ὅρνιθίων
854 372 957 458 ἔφαγε.
998 370 1052 438 secl
1072 366 1119 437 ὅτι
1138 364 1352 475 πολλὰςβσσς
1464 429 1465 434 ,

238 458 433 546 ησνυκλισίσς
459 464 559 524 noetio
584 458 709 542 ἥυχετσ,
734 459 788 524 nul
816 457 893 523 itte
917 455 1035 524 sciens
1061 462 1350 542 καταγελαστστεηατ
1464 489 1465 518 ι

238 544 319 629 quid
342 545 440 605 libelli
467 550 654 607 continerent
675 548 913 627 operaepretium
932 557 978 605 eet
999 542 1125 620 andire,
1154 564 1194 602 uc
1214 554 1281 604 tum
1301 544 1351 622 es·
1464 559 1465 584 ¹

231 635 311 713 suec
330 629 436 692 ridere.
478 632 668 712 Eutychinm
685 632 884 711 gallinarum
903 630 1016 710 hepar,
1034 642 1063 690 et
1083 632 1232 689 intestina
1251 649 1351 687 rome-

240 717 335 793 disse,
357 717 533 797 multaeque
552 719 646 778 leorae
660 714 697 777 de
710 718 865 798 geniculis
886 715 1004 777 orando
1017 718 1259 795 consumptum
1277 714 1352 773 ecee

241 806 275 863 in
290 804 392 879 illum,
414 813 442 861 et
457 802 509 861 hie
527 804 648 863 similia
663 806 731 862 risu
746 801 903 883 digniora.
943 805 985 862 Et
996 802 1098 861 mariti
1111 800 1232 859 aemula
1245 798 1352 859 Theo-

241 886 315 949 dora
335 885 447 947 iisdem
468 890 583 949 artibus
603 892 637 947 iu
657 888 830 968 Sylrerium
849 907 905 949 usa
926 898 981 963 est,
1001 906 1076 946 nem
1095 888 1183 944 misit
1202 886 1361 945 iussiones

240 972 286 1034 ud
298 974 491 1033 Belisarirem
511 976 559 1033 ita
580 976 781 1049 continentem
802 972 871 1035 vide
892 973 1020 1054 aliquae
1040 974 1214 1031 occasiones
1234 974 1268 1029 in
1283 972 1352 1048 Syl.

241 1062 360 1122 verium
375 1080 506 1140 papam,
526 1069 556 1118 et
576 1056 690 1141 depone
710 1060 804 1119 illum
819 1060 859 1119 ab
875 1062 1069 1139 eptecopctu,
1088 1068 1147 1116 unt
1167 1067 1245 1117 certe
1257 1058 1352 1136 sesti-

242 1166 303 1205 nuc
321 1146 497 1205 transmitte
516 1142 562 1205 ad
581 1166 647 1206 noe.
688 1147 794 1205 Anasi.
814 1148 849 1204 in
866 1146 1015 1225 Sylrerio.

329 1232 365 1289 P·
385 1234 443 1306 66,
464 1230 499 1295 4.
539 1230 581 1293 In
600 1230 658 1289 lece
678 1232 760 1289 enim
780 1230 840 1289 illc
860 1232 958 1309 plane
976 1227 1184 1309 repugnabat]
1212 1228 1281 1286 Non
1302 1246 1353 1285 sc-

244 1313 311 1373 lum
331 1312 521 1396 Euphemiam
551 1314 608 1377 sed
635 1316 727 1375 etiam
753 1318 914 1376 Iustiniani
941 1325 1039 1374 meter
1065 1315 1239 1393 Bigleniea,
1272 1309 1354 1392 quod

247 1419 319 1459 cum
340 1404 477 1461 evincere
497 1402 553 1460 ille
572 1404 771 1483 nequivisset,
791 1412 826 1462 ut
847 1399 1039 1482 Theophilus
1058 1400 1092 1458 in
1112 1402 1176 1459 rita
1195 1398 1354 1457 Iustiniani

246 1486 394 1563 affirmet,
414 1507 552 1547 moerore
571 1486 736 1546 contabuit.

328 1573 366 1631 P·
388 1576 445 1649 66,
467 1571 500 1633 8.
553 1572 711 1632 Camerio
738 1572 955 1630 neminemne
981 1565 1205 1651 ignominioso]
1233 1565 1271 1625 Id
1299 1577 1353 1639 est,

248 1658 440 1735 Lupicinne,
462 1660 525 1716 sive
545 1660 718 1737 aniee'ce:
738 1676 813 1715 nam
831 1658 979 1717 vilissime
999 1666 1098 1715 scorta
1116 1654 1225 1712 Latine
1243 1654 1355 1732 Lupus

158 1746 234 1803 Adi
250 1740 389 1802 dicimus.
431 1740 612 1803 Theodorus
631 1745 756 1802 Lector:
778 1736 910 1823 σύμβιον
928 1736 1005 1822 εἶχεν
1026 1735 1151 1821 istem
1169 1739 1356 1813 Aoonotlce,

246 1822 289 1907 ἣν
303 1822 470 1909 γενομὲνην
481 1822 664 1911 Atyotceac
676 1822 847 1908 Εὕφημίαν
862 1828 894 1890 ci
910 1824 1038 1908 δημόται
1056 1820 1230 1906 ὀνόμασαι
1275 1822 1356 1883 Con·

246 1914 350 1993 iugem
368 1912 481 1971 habuit
500 1916 621 1973 nomene
633 1916 811 1993 anics'am,
834 1932 930 1993 quum
949 1915 1085 1971 ereetum
1097 1910 1280 1989 Angustam
1294 1928 1356 1988 po.

242 1998 344 2080 pulns
364 1998 570 2077 Euphemiam
596 2002 727 2062 vaeavit.
770 2002 807 2057 ln
835 1999 964 2078 publicis
991 1996 1274 2067 acclamationibus3
1301 1996 1355 2052 Iu·

250 2102 352 2144 sesne.
380 2103 456 2144 suc.
485 2104 542 2146 rr.
568 2102 695 2146 rences.
727 2086 908 2145 Beruenses.
929 2100 1005 2144 suc.
1031 2100 1088 2143 rr.
1109 2098 1235 2143 neces.
1266 2082 1356 2137 etin

248 2172 374 2251 antiqua
401 2172 607 2251 inscriptione.
657 2171 792 2229 Donnn.
820 2187 952 2229 nortus.
981 2184 1090 2227 onnes.
1114 2170 1276 2227 inermos.
1302 2184 1355 2223 ιτ.

247 2257 428 2315 Euenum.
448 2276 494 2315 er.
515 2274 612 2317 suos.
655 2259 711 2315 Pia
731 2256 866 2315 foemina
886 2264 1027 2313 venerate
1047 2264 1093 2313 est
1110 2262 1277 2332 martyrem
1290 2252 1356 2309 llu-

247 2338 405 2421 phemiam
425 2360 487 2401 ncn
508 2343 607 2401 solum
627 2342 762 2401 nominis
780 2350 911 2417 tessere,
943 2339 998 2400 sed
1025 2342 1118 2398 etium
1137 2338 1253 2417 templo
1274 2337 1357 2394 Gon·

249 2428 447 2506 stentincpoli
469 2428 628 2507 magnifice
656 2437 842 2501 constructo,
871 2428 987 2507 inquo
1014 2426 1073 2484 sibi
1093 2434 1225 2483 stantem
1244 2423 1357 2501 posuit.

249 2504 417 2589 Εὕφημὶας
440 2514 495 2591 τῆς
520 2508 661 2593 werede
685 2506 846 2576 Ἰσσστίνσυ
865 2516 922 2574 eoo
944 2507 1062 2595 Θρᾳκὸς
1082 2504 1178 2589 στήλη
1198 2508 1303 2569 ἵστατο
1324 2504 1358 2569 ἔν

248 2598 289 2679 τῇ
309 2593 382 2683 ἆγίηι
402 2588 555 2684 Εὔφημίηι
578 2602 619 2683 τῇ
637 2593 700 2661 v‘nd
720 2592 816 2677 σῦτῆς
833 2598 1002 2681 κτισθείσῃ.
1044 2595 1233 2675 Euphemine
1253 2594 1360 2651 uxoris

249 2681 368 2742 Iustini
394 2680 659 2742 mercennaria
683 2693 727 2742 eet
754 2685 789 2743 in
818 2682 929 2763 templo
955 2692 1081 2740 sanctae
1100 2678 1292 2759 Euphemiae
1318 2676 1358 2735 ab

253 2764 360 2825 eodem
379 2764 550 2845 aedificato.
593 2766 715 2829 Suidas.

337 2854 373 2911 P·
392 2855 444 2927 66,
466 2855 496 2915 9.
538 2854 629 2913 Haec
647 2874 708 2913 non
729 2854 777 2910 ito
797 2852 895 2910 multo
913 2861 985 2929 poet
1008 2846 1121 2910 excedit
1142 2871 1158 2907 e
1177 2846 1265 2928 vita]
1292 2848 1360 2907 Non

254 2932 359 2997 dubito
391 2940 465 3018 quin
488 2948 558 2997 ante
586 2958 700 2998 annum
727 2940 847 3017 imperii
875 2946 1015 3011 sextum,
1047 2955 1107 3017 quc
1129 2932 1299 3006 cedrenus,
1327 2942 1360 2990 ut

254 3041 331 3082 mcx
352 3020 460 3099 dicam,
484 3021 672 3104 Euphemiee
694 3025 812 3085 obitum
831 3031 1106 3105 perperumnotat.
1146 3024 1227 3079 Nam
1246 3020 1361 3077 falsum
1464 3019 1465 3022 ’

255 3111 378 3167 omuino
400 3106 478 3168 illud
498 3114 591 3169 etism
612 3121 666 3187 est,
691 3108 774 3191 quod
795 3107 832 3167 de
854 3106 985 3167 secunde
1005 3108 1112 3166 Instini
1127 3109 1254 3183 coniuge
1276 3104 1361 3162 affir-

255 3204 330 3253 mat.
373 3194 480 3273 loretto
501 3192 534 3257 dl
557 3194 610 3259 ecl
632 3192 794 3279 Oecdcs'puv
820 3188 878 3273 τὴν
904 3197 1034 3275 γυναῖκα
1062 3185 1158 3253 αὐτοῦ
1178 3184 1361 3272 Adycicsctv

253 3282 311 3358 τῆς
338 3272 506 3359 dimine
539 3279 764 3362 τελευτησάσης.
824 3278 991 3339 Coronaoit
1020 3297 1142 3357 quoqne
1174 3273 1361 3335 llseodorum

254 3382 380 3424 uxorem
404 3385 496 3423 etcum
521 3364 718 3446 Angustum,
749 3369 816 3423 iam
843 3375 966 3423 mortua
994 3362 1174 3443 Euphemin.
1223 3364 1276 3420 Ex
1304 3358 1362 3418 hcc
1464 3401 1465 3446 3

252 3450 337 3509 fonte
359 3450 498 3511 Octavius
520 3470 538 3509 a
559 3452 712 3531 Rcsberg,
744 3460 775 3510 ct
800 3450 890 3509 multi
910 3450 1006 3509 nostri
1027 3448 1174 3527 temporis
1201 3450 1362 3525 scriptores
1464 3457 1465 3476 ³

253 3533 287 3593 id
309 3532 483 3597 hausenmt.
525 3539 638 3597 Verum
660 3540 813 3597 enimvero
837 3545 872 3594 ut
892 3538 1051 3615 ingenium
1070 3534 1178 3592 lustini
1197 3533 1362 3610 Procopius
1464 3549 1465 3604 η

254 3616 429 3697 declararet,
451 3619 529 3680 nihil
551 3621 591 3682 ad
611 3644 677 3683 rem
697 3624 795 3701 magis
817 3621 947 3697 fecisset,
968 3640 1062 3701 quem
1081 3618 1214 3677 hominis
1233 3616 1363 3676 confecti

254 3724 375 3765 summa
396 3718 558 3785 senectute,
581 3728 616 3768 ac
636 3708 724 3789 pedis
745 3710 878 3781 vnlnere,
900 3709 1057 3766 utstatim
1078 3703 1223 3778 dicemus,
1245 3702 1363 3781 gravis·
1464 3705 1465 3770 l

255 3792 332 3849 sime
364 3793 528 3853 laborantis
560 3792 702 3869 choreas,
733 3795 884 3873 nuptiales
916 3793 1016 3866 iaces,
1050 3792 1199 3871 tibiasque
1229 3807 1363 3847 nancte.

256 3874 329 3951 Sed,
351 3877 384 3934 in
403 3880 465 3937 illis
484 3878 612 3938 cedreni
632 3881 732 3939 verbis
754 3878 815 3939 duo
835 3889 906 3939 sunt
927 3874 1211 3935 animadvertenda:
1234 3876 1363 3932 alterum

257 3970 319 4035 est,
350 3964 471 4022 Graecis
499 3964 604 4043 ἔστσψι
630 3966 830 4024 matrimoniis
857 3964 1063 4023 celebritatem
1090 3960 1251 4033 denotare,
1282 3954 1365 4040 quod

257 4046 331 4105 alibi
348 4050 472 4127 passim,
494 4060 524 4107 et
544 4053 577 4108 in
597 4052 869 4110 matrimonialibus
890 4050 965 4108 iuris
986 4050 1100 4107 Graeco
1121 4048 1251 4107 Romani
1269 4064 1365 4126 quee-

257 4132 405 4192 sticnibus
432 4133 581 4194 observes.
623 4138 746 4195 Etenim
773 4136 881 4194 Graeci
908 4137 1059 4194 solemnes
1085 4135 1260 4213 nuptiarum
1289 4132 1365 4188 titus
1464 4151 1466 4204 η

258 4218 383 4296 prolatis
405 4222 523 4281 coronis
543 4221 721 4300 absolvunt,
744 4240 820 4305 quas
841 4223 960 4302 sponsis
981 4224 1152 4303 imponunt,
1174 4228 1281 4301 estque
1302 4213 1366 4282 στέ·
1464 4211 1466 4286 f
