2959 4792
490 290 636 362 NOTAE
659 292 885 365 llElllllNl.
1164 294 1241 371 415
1357 234 1361 239 ¹

133 455 209 534 θιδς
227 452 300 523 οἶδε.
342 462 499 524 ΒΕΝΕΤ.
518 454 553 523 ιδ
576 464 665 542 μισοῖ,
687 454 726 525 ον’
746 459 829 525 θέλω
850 458 989 543 βλέπειν,
1009 462 1063 528 ecl
1081 462 1103 530 δ
1122 462 1242 545 φθόνος

135 550 312 628 παρενοχλεῖ
334 569 397 627 μοι.
447 548 571 608 ΠΡΑΣ.
600 541 812 627 α’νασιιαφιλεω
831 544 870 609 ιδ
892 543 981 612 ὀστέα
1001 554 1064 612 τοῖν
1084 550 1241 636 θεωρούν-

134 654 202 694 των.
244 631 299 694 καλ
319 634 478 712 ιιαεῆλδον
500 622 604 709 οὗτοι,
632 630 686 696 καλ
714 632 821 696 εἴασαν
845 628 900 697 ris
929 632 1070 715 βασιλέα,
1097 638 1151 701 παλ
1169 636 1244 713 rode

134 714 279 792 Βενόιονς
296 720 496 800 θεωροῦντας
516 715 550 781 ἕν
570 721 617 803 spi
636 713 830 805 λπιιοδρόμρι.

133 837 249 895 Vsasr.
276 836 413 895 Tantum
433 836 531 897 scelus
552 855 616 895 non
643 835 776 896 videam.
817 838 917 899 Vestri
936 848 1040 897 tamen
1062 836 1167 897 odium
1189 860 1241 899 me

133 931 167 979 ut
187 920 219 979 id
239 923 334 980 velim
355 922 499 982 stimulat.
542 923 642 981 Pars.
663 921 855 982 Effodiautur
875 924 1001 983 illorum
1020 935 1090 1003 post
1110 937 1241 984 mortem

134 1026 215 1083 ossa,
240 1010 293 1087 qui
313 1005 372 1068 hoc
393 1010 426 1065 in
447 1008 616 1087 spectaculo
638 1007 837 1069 subsederint.
880 1009 932 1069 Sic
953 1012 1071 1070 Prasini
1092 1011 1240 1089 abierunt,

134 1094 259 1151 Caesare
282 1112 317 1151 ac
334 1095 456 1153 Venetis
477 1096 511 1151 in
532 1096 610 1152 circo
632 1096 756 1155 relictis.

215 1231 253 1287 P.
273 1232 326 1304 79,
347 1228 378 1290 8.
420 1226 513 1306 ΜίΙιί,
534 1238 562 1286 et
583 1231 642 1288 mei
663 1226 784 1287 ardinio
797 1228 963 1311 plerisque]
986 1232 1103 1309 Nempe
1124 1233 1241 1312 prima·

133 1314 184 1373 riis
201 1316 274 1374 viris
289 1313 457 1373 illustribus
480 1324 511 1372 et
533 1312 646 1373 ordinis
667 1317 825 1389 senatorii3
847 1334 922 1373 nam
942 1326 972 1374 et
985 1317 1133 1376 urbanam
1148 1337 1240 1397 prae-

132 1400 279 1459 fecturam
306 1400 400 1478 gessit
420 1402 601 1478 Procopius,
628 1409 662 1457 ut
690 1401 722 1457 in
751 1401 937 1479 praefatione
964 1400 1043 1461 dixi.
1084 1401 1239 1462 Medicum

132 1485 225 1545 fixisse
249 1488 403 1545 somniant
422 1482 557 1543 Blandus
580 1496 609 1543 et
630 1484 809 1545 Sabellicus.

214 1573 252 1629 P.
271 1574 322 1646 79,
344 1572 375 1631 9.
417 1572 590 1629 Perniciosi
609 1568 779 1650 daemones,
801 1582 829 1629 et
839 1570 989 1647 funestae
1005 1569 1166 1629 hominum
1181 1593 1239 1651 pc-

131 1657 200 1735 etee]
222 1658 310 1714 llanc
329 1656 423 1714 fnisse
446 1666 619 1715 consuetam
632 1654 792 1715 hominum
812 1658 860 1716 sui
881 1655 1006 1731 ordinis,
1027 1653 1088 1715 hoc
1109 1667 1163 1732 est,
1186 1678 1239 1717 se-
1305 1672 1313 1684 ·

87 1756 90 1774 ·
130 1752 271 1801 natorum
291 1760 407 1816 vocem,
432 1740 561 1799 affirmat
580 1744 756 1821 Procopius.
798 1746 877 1801 Nam
899 1762 940 1800 ex
961 1741 1096 1823 quodam
1115 1763 1184 1818 usu,
1207 1753 1239 1802 et

131 1828 285 1887 communi
305 1825 529 1901 consuetudine,
551 1830 604 1907 qui
623 1828 840 1906 rempublicam
853 1830 983 1887 atrocius
997 1831 1136 1886 vexarint
1150 1832 1238 1906 priu-

131 1912 220 1992 cipes,
244 1910 278 1970 id
296 1913 398 1991 ipsum
419 1914 494 1972 olim
516 1914 607 1969 etiam
628 1911 798 1971 audierunt.
840 1913 924 1971 lnfra
938 1929 971 1991 p.
985 1912 1027 1975 84
1046 1915 1237 1992 explicatius.
1351 1986 1355 1992 .

130 1998 199 2056 Alii
225 1999 317 2077 gerric
338 1996 437 2055 liuius
453 1997 589 2055 hominu
608 2000 713 2056 camin
733 1996 954 2073 adecriderent,
979 2018 1059 2076 para
1081 1999 1238 2059 dictitaret
1254 2007 1278 2061 l
1295 2008 1330 2063 66

130 2084 246 2141 ircim
266 2082 451 2142 mortalibus
470 2104 597 2160 numen,
626 2084 899 2163 Romanorumque
927 2103 1050 2141 erorum
1079 2086 1240 2162 imperium

126 2170 309 2247 pernicioeie
332 2168 439 2247 suriie
465 2178 645 2249 potestatem
664 2170 781 2246 fecieee
807 2179 967 2228 tantorum
993 2168 1156 2229 malorum.
1199 2173 1240 2229 Et

129 2256 256 2313 loannes
288 2252 454 2334 Cappadox
481 2255 650 2335 praefectus
677 2256 828 2335 praetorio
856 2256 995 2315 omnium
1023 2254 1238 2315 sceleratorum
1254 2264 1277 2318 P
1294 2265 1345 2322 137

130 2351 316 2417 postremus,
342 2338 377 2397 id
397 2342 498 2419 ipsum
519 2360 538 2398 a
559 2350 683 2415 senatu,
711 2342 887 2422 populoque
909 2341 1239 2420 Constantinopolitano

131 2424 264 2501 audivit,
286 2434 321 2483 ut
346 2424 430 2483 idem
449 2428 614 2506 Procopius
635 2424 749 2485 indicat
768 2427 824 2485 lib.
848 2427 866 2488 1
889 2426 961 2484 bell.
983 2426 1067 2484 Pers.
1089 2436 1238 2488 extremo.

75 2516 81 2535 ¹
130 2510 275 2590 synesius
307 2512 392 2589 epist.
415 2510 468 2573 57.
494 2506 684 2594 Ἀνδρόνικος
710 2512 830 2592 δαίμων
851 2504 962 2591 αἷρήϊος
989 2507 1140 2590 ἄπληστος
1162 2531 1239 2593 σομ-

130 2600 248 2679 φοροῖν.
290 2594 489 2655 Andronicus
502 2598 638 2657 Martius
652 2594 781 2656 daemon
799 2598 1016 2656 calamitatum
1035 2597 1238 2662 insatiabilia.

129 2682 170 2739 Et
196 2700 317 2755 rursus,
346 2682 487 2761 δαίμοσιν
516 2678 622 2745 ἑαυτόν
649 2678 726 2764 δρας
755 2682 942 2762 προσένειμε.
985 2683 1180 2741 Daemonum
1206 2707 1239 2742 ee

129 2786 254 2825 numero
275 2770 468 2871 agqregavit.
510 2770 550 2827 Et
578 2770 664 2847 epist.
686 2768 738 2832 78.
764 2764 829 2843 ota
850 2763 890 2830 iis·
909 2766 962 2830 uui
981 2761 1062 2841 ὅστις
1083 2763 1237 2847 ω’μότατος

130 2845 287 2932 δαιμόνων
307 2850 445 2931 ηλέησεν,
467 2848 646 2937 ἐξῃρήσθων
667 2858 723 2915 τοῦ
744 2848 835 2936 λόγον
856 2846 936 2926 Θόας
956 2874 989 2915 τε
1008 2852 1062 2913 καὶ
1080 2845 1237 2934 Ἀνδρόνι-

128 2960 189 3010 νιος.
237 2938 379 3015 Quorum
404 2937 454 2996 vel
481 2938 708 2997 crudeiireimus
735 2943 864 3018 quicque
883 2936 1067 2996 daemonum
1093 2943 1237 2999 mieertue

129 3032 220 3099 eeset,
244 3025 359 3102 ercinia
387 3022 566 3101 Thoantem,
593 3036 621 3082 et
642 3024 872 3103 Andronicum,
895 3026 952 3103 qui
971 3023 1032 3081 soli
1053 3020 1236 3082 daemonum

129 3108 352 3188 implacabilec.
403 3109 541 3190 Denique
571 3112 635 3168 eius
664 3112 782 3188 gentis,
813 3128 853 3168 ex
882 3128 943 3189 qua
971 3109 1030 3167 fuit
1059 3110 1234 3188 Procopius,

128 3212 239 3273 nempe
261 3194 405 3273 Syrorum
427 3196 743 3275 Palaestinorumque,
772 3193 805 3253 id
830 3196 986 3276 proprium
1009 3202 1069 3266 est,
1094 3190 1235 3253 homines

127 3289 216 3338 notae
237 3280 438 3358 improbitatis
461 3278 627 3340 daemoniis
649 3299 832 3360 comparare.
875 3281 982 3339 Sicarii
997 3282 1029 3344 3.
1047 3281 1122 3357 neg.
1139 3300 1165 3338 c.
1181 3281 1235 3342 21.

126 3364 236 3444 Magus
258 3376 316 3423 act.
341 3369 391 3429 13.
414 3366 481 3444 filii
501 3363 620 3425 diaboli
645 3377 799 3425 vocantur.
842 3367 908 3426 lmo
930 3364 1065 3424 Christus
1093 3363 1234 3424 dominus

128 3451 156 3507 si
176 3448 252 3531 quid
272 3470 334 3509 non
363 3449 402 3508 ad
422 3452 550 3529 gratiam
571 3453 719 3532 loquitur,
750 3453 854 3510 statim
881 3450 1019 3525 ludaeis,
1040 3448 1122 3528 apud
1142 3452 1235 3509 loan-

127 3554 209 3611 nem,
231 3537 464 3595 Daemoniacue
483 3546 538 3612 est,
560 3548 590 3595 et
605 3538 784 3617 appellauit.
827 3534 964 3596 Christus
987 3534 1024 3594 de
1039 3533 1115 3593 Iuda
1136 3537 1235 3615 parri-

130 3620 210 3679 cida.
251 3623 295 3681 Et
316 3642 398 3679 unus
420 3644 454 3679 ex
473 3622 560 3683 νοόίο
581 3622 725 3681 diabolus
747 3633 801 3682 eat.
842 3624 964 3681 Ioannis
985 3622 1017 3684 6.
1060 3622 1107 3677 ne
1129 3617 1236 3679 Theo-

130 3704 204 3765 dora
235 3708 277 3766 ita
308 3704 500 3789 Theophilus
530 3710 564 3767 in
594 3711 656 3767 vita
686 3709 855 3767 iustiniani.
903 3709 1007 3766 Duxit
1038 3705 1237 3765 Iuetinianuc

132 3789 324 3850 Theodoram
344 3797 497 3873 egregiam
520 3794 675 3873 puellam,
702 3794 772 3852 licet
799 3794 985 3850 reclamante
1005 3801 1101 3849 matre
1121 3791 1236 3869 Bigle-

130 3879 216 3952 niaa,
239 3880 351 3956 quippe
371 3900 450 3958 quae
470 3876 602 3937 indolem
620 3879 746 3957 puellae
766 3878 887 3957 alioqui
907 3879 1091 3936 scitiaaimae
1111 3888 1140 3935 et
1166 3898 1237 3935 eru-

130 3958 310 4039 ditieaimae,
331 3962 388 4021 aed
406 3966 529 4025 actoru
549 3975 577 4021 et
599 3966 825 4042 arrogantiorie
846 3966 965 4043 ingenii
985 3959 1157 4043 aliquando
1178 3963 1235 4022 οδ-

120 4048 271 4123 futuram
284 4050 436 4127 fortunae
457 4061 486 4107 et
500 4052 614 4128 pietati
625 4050 694 4127 filii
708 4052 939 4127 pertimesceret,
958 4050 1138 4128 praesertim
1159 4051 1236 4127 quia

126 4134 233 4191 vetula
263 4131 417 4213 quaedam
447 4132 691 4193 divinationibuc
719 4132 848 4192 addicta
875 4132 1064 4193 Theodoram
1082 4134 1235 4213 suturam

127 4217 395 4278 Daemonodoram
403 4222 544 4279 Romano
559 4222 695 4300 imperio,
705 4221 946 4300 inflexuramque
960 4217 1171 4278 rectitudinem
1178 4217 1234 4277 Iu-

126 4306 259 4363 stiniani
278 4326 312 4365 ex
331 4308 462 4366 sortium
483 4309 617 4388 augurio
640 4308 811 4368 consulenti
829 4307 1010 4388 Bigicnieae
1024 4301 1232 4386 praedixerat.
