2959 4792
514 214 659 285 NOTAE
683 216 910 289 maneant
1186 214 1263 292 421
1396 321 1406 347 ἱ

155 383 236 443 nulii
257 378 358 441 eidem
378 378 512 441 inerunt.
554 378 658 441 Sancti
673 380 774 443 Sabae
791 383 931 462 precibus
948 400 988 442 uc
1008 382 1059 444 vei
1078 402 1176 445 unum
1191 387 1263 467 qui-

156 468 243 545 dem,
265 477 299 527 ιιι
318 466 398 527 inira
419 465 571 542 dicemus,
596 469 758 548 impetrare
778 471 877 548 potuit
897 487 1014 529 marem
1034 472 1121 549 regni
1141 490 1263 532 succes-

153 574 265 615 sorem.
308 556 355 613 Ea
373 555 439 633 ipsa
455 554 590 611 tuemina
609 564 801 635 praematura
821 554 904 631 obiit,
926 565 1018 636 atque
1040 560 1133 615 ctiam
1152 554 1261 618 Theo-

154 638 229 700 dura
249 640 345 698 sitam
366 640 467 697 amisit
488 638 695 719 quinquennio
716 650 881 720 antequam
902 642 1008 722 quinta
1028 640 1164 722 synodus
1177 644 1261 702 Con-

153 726 350 805 stantinopoli
376 723 592 798 celebraretur,
622 727 707 784 cuius
737 734 837 804 patres
866 744 884 785 a
912 724 1177 806 Pseudugordiano
1203 728 1260 787 illu

152 814 249 869 vitam
275 808 455 871 Theodorae
486 810 651 891 liberisque
680 812 745 870 eius
774 820 932 889 precantes
957 810 1154 873 inducuntur.
1195 811 1260 875 Sed

152 896 341 1045 &¹⁸3³le
361 894 400 1043 dd
419 895 1084 1062 uffimsfflwffl
1115 982 1259 1043 sumu

264 1023 272 1039 .
343 1024 352 1057 ,
396 1020 406 1038 .

152 1065 199 1124 vir
217 1068 354 1142 eximus,
380 1066 466 1125 urias
487 1062 606 1125 divona
627 1068 792 1126 sanctitatis
812 1078 1009 1127 monumenta
1029 1068 1156 1146 exponit
1174 1070 1260 1128 lira·

151 1153 236 1230 grius
256 1152 278 1210 1.
300 1148 321 1215 4
343 1171 369 1210 c.
390 1153 411 1214 7
439 1170 456 1209 c
476 1152 570 1231 Lycia
594 1149 762 1210 destinatus
789 1161 835 1211 ast
855 1149 896 1212 ad
915 1153 1131 1227 lastinianum,
1160 1162 1196 1211 ut
1223 1155 1258 1212 in

149 1238 264 1295 novell.
287 1236 307 1299 b
329 1256 355 1295 c.
376 1236 409 1299 2.
453 1236 550 1295 Sabas
570 1234 663 1297 bomo
685 1238 812 1296 celebris
831 1240 1048 1297 sanctimoniae
1070 1256 1088 1295 a
1107 1238 1259 1297 Palaesti-

149 1324 199 1381 nis
221 1319 260 1380 ad
281 1319 413 1380 eundem
434 1331 479 1381 est
499 1322 662 1401 allegsms,
690 1333 725 1381 ut
755 1322 858 1381 scribit
878 1323 1010 1404 cyrillus
1030 1318 1257 1402 scythopolita-

149 1424 227 1466 nus:
256 1410 332 1466 item
359 1408 422 1465 aiii.
464 1405 666 1487 Euthymios,
694 1404 905 1484 Theodosius,
934 1408 1047 1488 aliique
1074 1409 1257 1469 sanctissimi

147 1490 292 1552 monachi
312 1492 369 1551 sub
385 1492 552 1552 Iustiniana
567 1494 747 1553 fioruenmtc
767 1494 882 1553 nuliius
901 1504 1005 1554 umen
1024 1493 1122 1553 fixum
1141 1512 1257 1555 numen

147 1580 299 1659 expressit
319 1562 495 1658 Procopius.

234 1664 270 1723 Ρ.
290 1662 342 1738 83,
361 1667 393 1727 7.
435 1663 722 1722 Masssuets'sst'mum
748 1660 885 1722 bominis
910 1660 1092 1744 inpertiam]
1123 1662 1204 1723 (iam
1223 1664 1258 1721 in

147 1747 273 1830 reliquis
295 1746 512 1829 pertractandis
530 1749 670 1827 negotiis,
691 1758 760 1807 tum
778 1750 914 1807 maxime
935 1751 969 1808 in
989 1746 1254 1827 disputationibus,

146 1832 270 1913 quando
289 1843 456 1913 temperare
479 1834 610 1893 calorem
629 1834 754 1912 ingenii,
774 1835 926 1915 impetam
939 1835 1112 1913 reprimere,
1133 1834 1254 1915 sibique

142 1918 626 2065 tttttt'ttffli
648 1917 881 2064 ibim?
906 1917 1255 2084 wwpp

142 2088 1254 2255 „sauna

143 2281 241 2320 amus
262 2280 434 2341 persuasus
460 2270 513 2322 est.
556 2262 620 2333 Qua
647 2257 883 2320 mansuetudine
910 2256 986 2321 adeo
1012 2268 1164 2341 psaestare
1192 2260 1253 2319 sibi

142 2348 210 2425 ipse
232 2346 404 2421 ridebatur,
433 2356 468 2405 ut
493 2345 659 2424 Episcopus
687 2347 768 2403 inter
788 2343 1005 2425 disputandum
1026 2341 1066 2403 ad
1086 2362 1155 2403 eam
1176 2341 1251 2404 bor·

142 2434 201 2491 tari
220 2435 332 2492 verims
353 2452 414 2491 non
435 2434 492 2506 sit3
515 2428 597 2512 quod
617 2428 701 2489 idem
721 2432 915 2491 Maronianus
934 2432 1103 2511 Episcopus
1123 2429 1228 2489 refert.

227 2518 276 2576 1³3
285 2517 337 2593 83,
362 2520 412 2582 10.
456 2512 674 2575 Sacerdotibus
695 2514 903 2596 indulgebat}
929 2518 1000 2575 Non
1024 2516 1128 2575 solnm
1150 2516 1251 2574 aliem

141 2603 375 2683 occupantibus,
398 2612 433 2661 ut
452 2598 504 2660 bic
524 2611 643 2676 narrat,
666 2610 697 2659 et
716 2602 796 2659 inira
816 2603 1054 2662 limessmrmn
1073 2598 1253 2660 clericorum

141 2689 286 2769 exemplo
316 2688 465 2769 explicat:
500 2683 556 2747 sad
584 2688 678 2745 etium
704 2686 1044 2766 conumuucpotiuuis
1072 2683 1251 2765 patriarchis

144 2774 338 2834 oecumenici
364 2790 477 2833 nomen
495 2791 552 2851 per
571 2790 724 2831 summm
743 2774 951 2832 Romanunm
968 2770 1148 2851 pontificum
1165 2772 1250 2829 iniu-

140 2860 219 2919 riam
242 2858 469 2939 atwupantibus.
512 2855 600 2931 Quod
623 2877 693 2915 curu
719 2858 838 2936 primus
855 2859 984 2915 loannes
1005 2853 1172 2935 eappadex
1191 2874 1276 2914 an-·

140 2964 194 3003 sus
215 2944 340 3019 finuet,
366 2946 432 3024 ipse
455 2943 508 3024 qui
533 2952 601 3001 tum
620 2944 739 3003 Iustino
767 2940 923 3002 amento
941 2944 1105 3021 superstite
1122 2960 1247 3020 rampu-

139 3030 253 3089 blicam
285 3026 513 3089 administrabat
545 3047 643 3110 asquc
675 3030 781 3086 auimo
813 3027 906 3101 tulit,
944 3023 1055 3086 deinde
1084 3026 1248 3105 imperium

140 3114 279 3195 adeptus,
301 3125 400 3173 ratum
418 3124 598 3194 gratumque
617 3104 742 3188 babuit,
764 3112 887 3193 suique
907 3112 1025 3190 legibus
1044 3111 1248 3190 perniciosum

138 3220 253 3259 nomen
274 3201 436 3280 inscripsit.
478 3202 577 3272 Quare
595 3198 802 3258 iuriscunualti
819 3198 926 3257 multis
947 3206 1072 3277 parcant
1097 3198 1246 3276 interpre·
1262 3202 1286 3257 Δ
1300 3200 1335 3262 11

138 3286 313 3360 taticuibus,
336 3305 407 3344 ctam
424 3285 616 3346 Oscummici
635 3302 748 3343 numen
765 3282 1098 3364 constantinopolitano
1116 3284 1247 3361 patriar-

139 3368 215 3431 cbae
237 3372 422 3433 attributum.
464 3374 501 3430 ln
521 3371 681 3430 imtiniaui
701 3368 964 3428 constitutionibus
982 3364 1150 3427 uffenduut.

222 3458 259 3515 P.
280 3460 340 3531 83,
365 3460 414 3520 12.
458 3458 495 3517 Si
520 3452 646 3535 quaudo
674 3451 857 3515 huiusmodi
886 3472 1003 3512 musas
1032 3447 1245 3534 cognosceret]
1261 3458 1285 3515 P
1301 3459 1351 3517 141

138 3539 257 3601 Eadem
285 3540 407 3601 licentia
442 3558 547 3601 causas
581 3541 851 3600 ecclesiasticorum
877 3540 1063 3599 Iustinianus
1092 3538 1243 3616 cognorit,

139 3647 201 3709 qua
226 3624 337 3687 iisdem
365 3627 451 3706 leges
478 3626 681 3706 praescribere
709 3644 802 3685 ausus
829 3632 893 3700 est,
927 3642 986 3683 nco
1011 3623 1112 3683 solnm
1139 3622 1243 3681 civiles

138 3732 263 3790 causas,
283 3711 338 3785 sed
360 3714 452 3771 etiarn
472 3712 628 3791 religionis
649 3721 680 3770 et
700 3710 916 3772 controversias
938 3706 1058 3768 deiide
1077 3706 1137 3767 sibi
1155 3726 1242 3767 sum·

136 3798 208 3880 psit,
226 3796 454 3879 gaudebatque,
474 3808 510 3857 nt
528 3798 687 3857 Liberatus
708 3797 760 3872 ait,
781 3816 814 3854 se
833 3792 872 3854 eta
891 3792 1010 3853 tutibus
1029 3794 1135 3853 cuusc's
1154 3790 1242 3851 iudi.

136 3885 223 3943 cium
233 3885 335 3965 serm
357 3884 488 3944 adeunt
508 3882 546 3941 ab
568 3884 715 3962 episeopis
736 3899 954 3965 saepenumero
974 3880 1102 3959 scriptis,
1123 3879 1241 3958 graus

136 3972 285 4051 simisque
308 3970 425 4046 verbis,
458 3978 488 4029 et
509 3970 639 4028 aliorum
660 3968 823 4027 Caesarum
843 3967 986 4046 exemplo
1007 3966 1142 4027 monitus
1161 3961 1242 4021 nibil

135 4058 270 4117 maurit.
319 4052 479 4115 Facundus
506 4055 766 4114 Herminianensis
794 4050 1010 4114 duodecimum
1040 4051 1105 4111 eius
1140 4048 1240 4130 operis

133 4142 249 4201 librum
270 4138 353 4224 quod
373 4138 412 4200 de
433 4139 528 4201 tribus
550 4140 696 4221 capitibus
716 4138 885 4201 lastinianc
905 4138 1105 4218 nuncuparit,
1126 4134 1160 4194 in
1179 4131 1240 4194 buc

135 4236 349 4309 argumentum
369 4226 506 4289 insumit.
547 4228 597 4289 Ex
614 4246 677 4310 quo
697 4224 776 4287 libro
796 4226 925 4309 paucula
946 4223 1080 4285 delibare
1099 4217 1141 4280 ad
1160 4215 1240 4279 banc
