2959 4792
387 940 701 1011 'meuwmssttto
729 954 784 1009 ΕΤ
814 951 1145 1012 nnvauunleanto
1173 956 1210 1017 ll.
1377 960 1461 1017 veel

293 1071 1397 1287 unooov'nco⁸

437 1313 764 1393 cnnmnaal
817 1315 1179 1416 nonov1s10,
1227 1270 1243 1289 ⁴

596 1484 628 1550 S.
656 1484 690 1550 ll.
719 1482 756 1551 E.
781 1483 1011 1555 GAMEllAlllO.
1239 1481 1242 1485 ⁵

538 1641 716 1717 tonnam
767 1644 995 1719 Alemarraee
1043 1645 1085 1717 F.

705 1858 915 1873 m

254 1974 332 2111 Qui
357 2026 496 2115 publicum
513 2029 656 2109 levorem,
682 2031 745 2097 eive
762 2031 919 2121 Principum
932 2031 1053 2122 gratiam
1066 2030 1120 2110 eibi
1144 2028 1295 2095 maciliare
1309 2048 1358 2091 no·

255 2152 351 2193 varum
374 2152 467 2195 rerum
492 2131 693 2197 narrationibus
723 2146 941 2213 oonenrvernnt,
971 2130 1040 2197 nihil
1068 2130 1263 2218 opportunius,
1290 2128 1361 2193 nulril

255 2230 348 2319 magio
363 2252 401 2295 ex
423 2256 472 2297 nen
493 2255 556 2299 cese
570 2256 620 2299 suo
636 2235 691 2299 heo
714 2236 831 2300 historia
850 2236 969 2299 torano
983 2234 1113 2309 credent,
1136 2252 1218 2317 quem
1232 2252 1269 2295 ex
1281 2228 1359 2296 Vati·

255 2356 327 2396 cana
355 2333 531 2399 Bibliotheca
557 2336 762 2423 depromptam,
786 2339 822 2403 ad
847 2350 892 2413 te,
923 2334 1123 2401 Caannaanns
1147 2332 1357 2405 Aetnensem,

256 2434 371 2500 dolero:
397 2458 483 2523 neque
497 2438 571 2502 adeo
585 2460 677 2502 rernm
695 2439 832 2516 novitate,
853 2436 993 2522 uariisque
1011 2434 1121 2499 caeilrne
1135 2455 1170 2497 ea
1186 2432 1291 2497 relcrta
1305 2443 1357 2495 eet.

255 2536 361 2602 Verum
382 2558 473 2622 neque
494 2540 567 2605 haee
589 2540 627 2605 ita
647 2563 720 2605 nova
740 2552 816 2618 eunt,
831 2550 869 2603 ·nt
882 2548 1039 2601 acroamata
1053 2535 1114 2621 quie
1135 2557 1198 2599 eaeo
1213 2546 1297 2621 putct,
1317 2533 1357 2596 in·

255 2638 371 2701 mudum
385 2638 506 2715 scilicet,
527 2639 578 2704 eod
593 2640 687 2706 inutile
701 2641 785 2705 animi
796 2639 1014 2703 delinimentum:
1031 2656 1122 2723 neque
1145 2659 1203 2724 ego
1222 2649 1296 2699 tuam
1319 2634 1359 2697 ita

254 2760 393 2825 quaerere
414 2740 536 2829 gratiam
557 2763 675 2807 neceeee
699 2742 810 2820 habco,
832 2740 962 2828 quicum
985 2737 1120 2825 singulari
1144 2750 1191 2803 tno
1219 2734 1359 2803 beneflcio

253 2840 344 2929 longe
357 2854 421 2906 ante
441 2856 538 2907 tenere
553 2843 627 2907 visne
647 2844 699 2908 eim
718 2844 803 2921 mihi,
833 2866 914 2929 qnam
934 2840 998 2906 ullie
1016 2840 1064 2903 vel
1084 2839 1180 2915 lactis,
1204 2836 1252 2902 vel
1273 2836 1357 2901 obeo·

253 2942 327 3027 quiis
348 2943 559 3027 promeruerim:
592 2966 682 3032 neque
701 2962 761 3011 tune
782 2945 831 3009 ille
850 2944 973 3009 mblimie
995 2940 1117 3017 animur,
1139 2960 1220 3024 quem
1242 2936 1271 3000 in
1290 2958 1357 3023 gra·

254 3043 375 3107 viseimie
394 3044 479 3109 robur
499 3068 635 3133 nunquam
654 3070 710 3112 uon
736 3044 972 3132 occupatieeimcm
994 3042 1119 3106 videmos
1139 3060 1251 3114 omnen,
1276 3036 1358 3100 novio

253 3144 391 3211 eiusmodi
411 3146 495 3211 rebna
516 3149 637 3235 capitur,
662 3143 761 3235 quibue
780 3160 808 3213 nt
826 3146 875 3211 alii
895 3144 1037 3231 capiantur
1056 3142 1105 3206 otii
1126 3142 1246 3205 enavitae
1266 3138 1358 3226 potina

252 3246 396 3323 concedit,
421 3270 502 3333 quam
522 3251 630 3338 negotii
655 3250 800 3326 ueneritne,
842 3250 894 3314 Est
913 3261 1005 3312 tamon
1029 3244 1102 3309 lracc
1124 3242 1240 3307 historia
1261 3263 1279 3304 a
1304 3240 1357 3304 tuin

252 3346 459 3413 Eocleeinaticic
486 3350 557 3413 curie
584 3374 639 3417 non
670 3353 773 3417 aliena.
826 3352 899 3416 Nam
921 3346 1098 3435 Imperatoria
1124 3342 1264 3408 iustiniani
1282 3339 1357 3427 (qui

253 3448 369 3513 lruineoe
390 3450 453 3514 libri
469 3462 512 3515 ert
525 3456 728 3538 argumentum)
749 3454 778 3515 in
795 3450 997 3516 sacerdotalem
1018 3448 1158 3522 ordinem,
1183 3444 1212 3511 in
1235 3465 1356 3509 anmmoe

253 3572 397 3614 sacrorum
424 3552 584 3629 Antietitce,
613 3553 727 3617 iurem
750 3552 896 3617 Ecclesiae
922 3550 1075 3638 publicam,
1111 3549 1147 3612 acl
1169 3545 1242 3611 hene
1265 3545 1356 3611 ierme

253 3650 331 3714 diem
345 3650 436 3715 mimi
450 3675 541 3719 eumue
557 3652 670 3717 ellneem
680 3654 834 3719 licentiam:
862 3665 891 3717 ct
904 3650 1059 3717 Cardinalie
1080 3649 1213 3713 Bmonine
1230 3646 1354 3733 aequalis

253 3752 398 3817 doctrinae
417 3756 461 3819 vir
482 3778 515 3819 ao
533 3756 662 3843 pietatis,
688 3778 749 3819 curn
763 3754 844 3819 hnine
856 3753 1033 3840 lmperatorie
1052 3774 1099 3816 ree
1118 3750 1146 3815 in
1170 3749 1284 3814 annalee
1307 3770 1353 3813 re·

253 3854 357 3929 ferre,
383 3854 565 3919 veliementer
585 3856 668 3921 otiam
689 3867 772 3941 atque
793 3854 877 3919 otiam
898 3856 970 3919 hune
990 3852 1119 3939 Procopii
1142 3852 1241 3916 librmn
1264 3872 1351 3936 cxpe-

252 3954 330 4031 tivit,
356 3956 430 4040 qnod
450 3956 515 4021 indo
536 3970 703 4043 compertum
724 3956 787 4019 iore
802 3969 923 4043 putaret,
947 3953 1123 4042 imperatorie
1136 3952 1275 4017 luetiniani
1292 3972 1350 4015 mo·

253 4076 303 4118 ree
322 4055 367 4141 qni
383 4057 499 4132 luerint,
522 4060 595 4143 quod
609 4058 765 4145 ingenium,
786 4080 858 4144 qnae
874 4058 1035 4147 prudentia,
1065 4076 1138 4143 quae
1152 4054 1270 4138 deniqne
1290 4052 1349 4138 pie·

252 4168 314 4232 taa;
337 4180 398 4223 cnm
412 4180 467 4226 uon
481 4159 583 4225 bonam
597 4160 632 4225 de
650 4160 698 4225 illo
716 4160 875 4247 opinionem
894 4181 1008 4227 morere
1023 4157 1163 4224 videretur
1177 4154 1226 4221 illa
1244 4157 1304 4220 eine
1323 4152 1351 4217 in
