2959 4792
444 314 446 319 ’
512 350 658 421 uorsa
682 350 909 426 munna
1185 349 1262 425 ιοι

159 514 194 577 in
221 514 345 595 regione
372 532 453 577 nona
481 523 513 575 et
533 510 671 592 decima3
699 516 733 576 in
754 537 815 599 quo
836 524 867 577 et
887 514 1046 578 Eudociae
1067 514 1174 580 domas
1193 519 1265 580 fait.

159 605 224 663 Has
237 600 351 691 ⁶domos
373 599 454 681 apud
473 598 631 663 historicos
652 598 862 678 διοποινινιῖς,
890 615 922 663 ct
941 603 1136 683 δεσπονινᾶς,
1158 603 1266 665 domi-

160 691 253 748 nicae
281 686 446 769 appellatas
477 690 623 767 reperies:
651 690 684 747 in
713 708 842 769 quarum
870 690 937 749 aliis
961 692 1156 769 imperatores
1176 690 1265 750 sedes

159 770 349 846 habuerunt3
378 773 455 830 aliae
481 770 679 833 recondendis
700 775 863 833 Caesarum
884 772 997 835 divitiis
1025 787 1109 834 erant
1131 774 1266 835 destina·

160 868 229 931 tee;
253 857 360 917 harum
381 858 525 937 praefecti
544 870 700 918 curatores
720 857 805 932 dicti,
826 870 857 919 et
878 880 919 919 ex
937 862 1080 940 primaria
1102 863 1191 920 electi
1209 882 1268 921 no·

160 943 290 1003 bilitate.
331 944 501 1022 Imperante
520 945 687 1003 iustiniano
709 943 817 1003 domus
838 944 990 1005 Placidiae
1012 955 1129 1005 curator
1147 950 1268 1005 Zimar-

162 1027 238 1088 ohus
258 1028 332 1103 fuit,
355 1030 463 1087 lustini
482 1030 607 1088 senioris
630 1032 812 1106 commilito,
834 1029 942 1090 domus
962 1033 1096 1091 Marinae
1121 1034 1268 1110 Georgius

161 1112 342 1174 Theodorae
361 1116 515 1192 Augunae
546 1117 796 1193 consurguineus.
838 1118 973 1175 Marinae
1001 1116 1106 1177 domui
1129 1118 1268 1177 Beliserii

160 1200 259 1275 bona,
281 1209 350 1278 post
371 1201 435 1258 eius
463 1199 595 1275 obitum,
625 1200 746 1259 addicta
765 1201 905 1278 fuerunt,
926 1213 961 1261 ut
981 1200 1186 1283 Theophanes
1206 1206 1268 1278 ait;

160 1290 225 1359 τοῖς
252 1283 419 1364 βασιλικοῖς
449 1290 635 1368 θησαυροῖς,
669 1288 820 1360 Zonares3
855 1306 925 1345 cem
956 1288 995 1346 ob
1024 1306 1147 1347 causam
1175 1306 1267 1367 quam

161 1368 255 1429 modo
285 1366 361 1428 dixi.
412 1367 463 1427 Ad
493 1368 549 1429 has
584 1391 689 1430 omnes
718 1374 816 1450 regias
845 1391 916 1432 suas
943 1374 1128 1433 lastinianus
1156 1373 1268 1431 adiecit

162 1454 441 1513 munificentissime
469 1450 650 1515 constructas
678 1458 710 1515 in
739 1456 912 1517 suburbano
936 1460 1057 1517 Heraea
1086 1460 1119 1516 in
1148 1458 1267 1517 Iucun-

162 1540 274 1618 diann,
302 1538 383 1621 quod
404 1538 513 1599 deinde
535 1540 759 1601 Iuetinianeum
779 1553 921 1601 vocatum
941 1554 1003 1620 est,
1031 1541 1125 1603 hodio
1147 1542 1267 1603 Galutu

58 1624 64 1634 “
161 1636 194 1685 et
214 1628 305 1686 Pera.
346 1628 473 1706 Procop.
495 1626 518 1684 l.
542 1628 560 1689 1
584 1625 674 1685 aedis.
697 1637 846 1687 extremo.

246 1711 283 1768 P.
307 1712 383 1786 149,
405 1710 435 1774 5.
477 1708 706 1771 Alexandrinos
735 1710 772 1770 id
792 1723 938 1792 perpetuo
965 1722 1072 1773 contra
1100 1734 1268 1793 usurpasse

162 1806 255 1875 atque
272 1795 387 1872 liceret,
409 1797 513 1875 reique
527 1796 674 1875 publicae
694 1797 863 1877 interesset]
891 1796 1156 1878 Impudentissimc
1176 1818 1267 1857 men·

163 1883 236 1939 titus
251 1878 515 1959 estllephaestus3
538 1883 738 1941 lastinianum
759 1903 830 1943 vero
851 1884 889 1941 ab
911 1904 946 1943 eo
969 1882 1068 1963 decipi
1087 1895 1175 1963 turpe
1195 1885 1266 1942 fuit.

162 1969 241 2025 Nam
266 1984 301 2023 ea
321 1966 502 2024 Diocletiani
520 1966 643 2045 largitas
663 1970 697 2025 in
723 1987 834 2046 egenos
856 1978 919 2027 erat
941 1971 1080 2027 omnibus
1099 1980 1181 2027 nota.
1224 1966 1305 2027 Etb
1322 1967 1374 2024 108

164 2072 235 2110 cum
263 2052 332 2126 alii,
360 2062 427 2109 tum
453 2052 613 2111 Dioscorus
641 2051 866 2111 Alexandrinus
892 2055 997 2132 paucis
1023 2065 1093 2114 anta
1121 2054 1207 2112 annis
1233 2057 1268 2113 in

164 2137 293 2196 concilio
319 2133 558 2195 chalcedonensi
586 2135 721 2197 eiusdem
753 2138 850 2197 iactus
880 2149 925 2196 est
952 2140 1085 2198 criminis
1120 2158 1203 2212 rens,
1233 2141 1269 2197 in

164 2220 248 2303 quod
268 2224 450 2280 lastinianus
471 2224 607 2281 incurrit.
649 2226 727 2281 Nam
744 2224 798 2281 ille
819 2226 959 2281 insuam
978 2243 1044 2282 rem
1065 2224 1267 2299 convertebat,

164 2308 252 2366 utin
275 2305 344 2366 dato
369 2307 473 2366 libello
494 2319 594 2366 narrat
613 2305 787 2388 Ischyrion,
811 2304 862 2371 riv
881 2302 1085 2391 παρεχόμενον
1103 2305 1186 2390 παραὶ
1206 2312 1268 2371 τῶν

164 2388 312 2475 βασιλέοιν
335 2396 418 2456 οἶτον
438 2388 513 2472 πρὸς
533 2388 567 2455 τὸ
587 2389 659 2467 τούς
678 2393 972 2477 παρεπιδημοῦντας,
995 2393 1037 2456 ἔτι
1058 2391 1092 2456 di
1112 2393 1166 2457 nai
1186 2392 1268 2456 lero·

164 2478 256 2552 πίους
284 2474 415 2557 πένητας
447 2484 715 2560 παραμυθεῖσθαι,
744 2481 939 2557 frumentum
967 2478 1007 2537 ab
1035 2479 1271 2559 imperatoribus

164 2582 338 2623 conoessum
359 2582 427 2621 aum
448 2560 494 2620 ad
513 2583 724 2641 convenarum,
745 2574 813 2622 tum
833 2562 878 2623 ad
890 2564 1134 2645 prouincialium
1149 2586 1273 2647 paupe-

164 2668 237 2710 rum
257 2647 414 2707 calatium.
456 2648 547 2708 conc.
570 2646 712 2708 chalced.
734 2660 792 2708 act.
813 2652 846 2715 3.

249 2734 285 2791 Ρ.
308 2732 385 2807 150,
409 2735 438 2796 1.
487 2731 627 2792 Dederat
655 2734 793 2793 Paulum
819 2731 1044 2794 Alexandrinis
1071 2731 1311 2814 Antistitem11’
1329 2730 1381 2788 169

167 2816 299 2898 Gyrillus
326 2814 591 2898 scythopolitanus
622 2820 655 2878 in
681 2821 744 2878 vita
772 2820 805 2879 S.
833 2820 942 2879 Sabae.
986 2823 1080 2880 Miror
1105 2822 1271 2899 Evagrium

165 2901 371 2984 synchrontun
399 2904 432 2961 in
458 2907 534 2963 serie
562 2906 772 2984 episcoporum
798 2902 1004 2964 Alexandrini
1028 2905 1111 2964 bunc
1135 2917 1271 2984 praeter-

165 2991 294 3047 misisse.
337 2990 423 3047 Licet
442 2990 624 3048 lastinianus
641 2991 773 3049 Paulum
789 2988 1014 3049 Alexandrinae
1033 2988 1270 3071 praeficiendum

167 3074 311 3133 ecclesiae
329 3076 485 3147 curaverit,
507 3074 577 3135 vide
599 3078 755 3134 tamenin
777 3095 812 3135 eo
832 3076 979 3135 initiando
1001 3096 1150 3136 canonum
1170 3077 1270 3134 cccle-

166 3162 356 3219 siasticorum
383 3159 613 3219 observantiam.
655 3160 782 3219 Paulae
808 3159 939 3241 quidam
967 3162 1031 3243 (ait
1052 3162 1209 3221 Liberatus
1235 3164 1270 3219 in

165 3244 295 3303 breviar.
318 3266 344 3303 c.
361 3244 417 3323 28)
439 3266 518 3303 urnae
539 3245 688 3305 abbatum
710 3245 946 3326 Tabenneneium
966 3248 1201 3323 monacharum,
1224 3242 1272 3305 ad

164 3328 414 3389 Alexandrinam
434 3328 532 3389 aedem
553 3328 717 3390 ordinatur
737 3334 896 3412 epiecopus
910 3332 1039 3412 Pelagio
1061 3334 1271 3392 interveniente

162 3414 370 3495 ‚Apaerirario
391 3415 551 3491 Romano,
577 3417 673 3497 plane
699 3416 885 3476 orthodoxae
904 3421 1074 3497 euechime
1097 3414 1271 3479 Chalcedo-

166 3520 287 3560 neneem
305 3500 465 3581 mnodum.
510 3498 683 3563 Ordinatur
696 3512 740 3561 eet
754 3523 776 3560 a
790 3504 882 3561 Mena
899 3502 1164 3582 Canetantinopoli
1171 3523 1272 3582 prae·

167 3598 249 3646 cente
268 3586 369 3646 eudem
378 3588 508 3665 Pelagio
523 3588 715 3667 reaponeario
730 3586 772 3649 V
758 3587 852 3667 egilii,
875 3598 902 3646 et
911 3590 1121 3669 Apucrieure'ie
1131 3587 1273 3669 Lithrue·

168 3674 228 3731 mii
246 3671 446 3753 Ammonem,
468 3682 496 3730 et
516 3674 602 3731 Petri
621 3674 913 3751 fferaeoiymorum.

254 3759 290 3816 Ρ.
314 3757 391 3834 150,
413 3755 443 3820 4·
490 3756 589 3817 Cuiue
620 3779 712 3838 opera
732 3758 833 3837 facile
852 3754 1132 3818 Alexandrinorum
1147 3758 1274 3838 primu·

169 3852 238 3902 turn
258 3841 365 3903 studia
386 3840 432 3901 ad
453 3840 707 3903 Chalcedonensis
733 3844 857 3902 concilii
868 3844 1054 3923 firmitatem
1074 3841 1204 3903 crederet
1223 3863 1275 3903 eu-

169 3925 312 4007 citanda]
334 3928 437 4009 Atque
450 3926 487 3986 ab
509 3926 546 3987 id
557 3928 681 3988 Paulus
702 3932 817 4008 accepit
838 3929 878 3988 ab
899 3929 1079 4011 imperatore
1093 3940 1276 4009 patestatem

169 4034 261 4093 super
280 4012 503 4073 ordinationem
526 4010 657 4093 dueum,
684 4024 714 4072 et
734 4014 944 4094 tribunorum,
966 4027 1001 4074 ut
1022 4026 1182 4077 removeret
1201 4014 1277 4074 hue-

169 4100 296 4177 reticeo,
317 4110 346 4156 et
360 4120 420 4179 pra
441 4100 485 4158 eis
506 4098 689 4159 orthodoxos
710 4096 881 4176 ordinaret,
895 4122 955 4183 per
974 4101 1047 4162 illos
1068 4104 1149 4161 enin
1163 4099 1276 4182 populi

169 4184 406 4245 invaleecebant.
447 4183 580 4245 Liberat.
601 4186 634 4244 in
655 4184 738 4245 brev.
759 4205 786 4245 c.
805 4189 858 4251 25.

255 4271 292 4328 Ρ.
311 4268 388 4347 150,
411 4272 441 4333 6.
483 4270 635 4331 Arseaiue
664 4268 812 4351 quidam]
841 4270 972 4353 cyrillus
1000 4266 1275 4352 scythopolitanus,

168 4346 322 4439 Ἀραὲνιός
341 4378 387 4431 τις
412 4348 609 4437 Ἰλλονστρίοο
636 4348 755 4440 diluunt
784 4356 859 4439 ἔχων
887 4352 1001 4439 πολλὴν
1028 4350 1088 4421 οὖν
1107 4350 1177 4419 olda
1197 4347 1277 4420 iere
