2959 4792
255 384 259 391 ι
325 280 402 355 aec
673 280 719 351 m
744 279 1079 350 marmorum

322 444 489 534 gerendam
514 456 625 529 aptus,
657 442 783 528 deponit
807 449 986 529 hepaticam,
1018 447 1196 509 luctuum
1221 448 1336 507 amoris
1354 446 1419 525 filio

324 534 470 615 Augeae
492 536 667 613 unescere,
689 536 745 614 qut
764 545 831 594 saa
851 544 917 593 erae
928 536 1094 614 patriciae,
1114 533 1267 605 uosmet
1286 533 1419 591 munuc.

326 642 386 703 que
414 622 575 700 magiam,
605 630 634 678 et
661 622 739 679 aerio
767 623 835 679 inm
848 620 1011 701 publicam
1029 630 1150 701 ceperat
1169 638 1273 679 rerem
1292 616 1419 677 admitu-

324 707 514 769 strctionem.
557 702 634 765 Vide
654 724 733 787 quaa
751 709 925 766 notavimus
946 703 1038 785 adp.
1054 708 1096 771 29
1116 706 1171 765 liu.
1190 707 1243 770 16.

289 790 292 797 '
409 792 445 849 P.
460 792 511 864 66,
535 789 585 856 14.
632 790 714 851 Nam
734 810 806 850 cum
824 794 903 851 ciris
923 793 1088 851 senatoriis
1114 790 1218 871 (quud
1237 790 1346 870 priecc
1365 787 1418 865 lege

326 886 456 938 cautum
476 882 537 949 eet)
558 894 680 935 merens
700 874 809 937 ducere
828 880 1012 937 meretricem
1032 896 1095 937 nost
1114 877 1215 955 liceat]
1244 874 1417 935 Constantini

325 964 469 1042 rescuptc
493 960 532 1021 ad
553 961 732 1041 Gregorinm
757 964 780 1021 1.
804 963 834 1029 1.
861 964 964 1023 senat.
994 983 1021 1021 c.
1043 960 1082 1021 de
1101 973 1165 1021 nat.
1186 962 1241 1019 lib.
1269 969 1300 1019 et
1321 958 1417 1018 Valen-

325 1050 434 1109 tiniani
461 1066 496 1105 ac
523 1048 663 1105 biertieni
691 1045 730 1107 ad
752 1046 933 1107 Palladium.
955 1049 979 1107 1.
1000 1052 1022 1113 7
1043 1068 1070 1107 ο.
1093 1046 1131 1107 de
1152 1050 1259 1107 incest.
1281 1056 1311 1103 et
1329 1043 1416 1101 inutil.

325 1144 412 1213 nupt.
442 1132 602 1191 Senatum
622 1153 676 1192 eeu
693 1136 876 1212 praefectos,
895 1135 946 1193 vel
964 1154 1042 1214 quos
1061 1137 1096 1192 t'n
1116 1132 1298 1192 οὲνὶεαεὶὀικ
1318 1127 1416 1186 hunt

324 1220 473 1294 canuae,
494 1218 543 1279 uel
562 1218 737 1296 cacerdotis',
759 1217 797 1277 s'd
815 1230 869 1294 eet,
889 1216 1161 1280 Phoeniciarclee'ce
1176 1218 1228 1278 cel
1239 1214 1416 1295 Syriarum

326 1313 509 1364 cummeneo
534 1301 750 1380 condecorant,
776 1304 882 1384 placet
901 1304 1060 1363 maculam
1080 1304 1183 1364 subire
1207 1302 1370 1377 infamiae.
1393 1305 1415 1353 ὃ

326 1391 446 1449 alienos
469 1409 491 1445 a
511 1388 665 1449 Romania
691 1389 813 1469 legtbue
826 1390 916 1470 fieri,
944 1393 974 1449 εἰ
1002 1411 1038 1449 ea
1063 1390 1198 1464 ancilla,
1223 1389 1275 1447 cel
1300 1384 1414 1443 ancittae

317 1476 417 1557 filia,
444 1473 494 1533 vel
513 1474 641 1547 liberta,
669 1475 719 1535 vel
737 1475 863 1534 liberm
875 1474 972 1554 filia,
997 1474 1202 1551 celemion,
1217 1472 1281 1535 ,vel
1298 1474 1414 1529 ecem'ccr

316 1560 406 1641 filies,
428 1558 477 1619 vel
496 1558 684 1637 tabernaria,
708 1560 759 1619 vel
779 1560 975 1619 tabernariae
984 1560 1071 1638 filia,
1091 1560 1144 1618 cel
1161 1559 1289 1632 humili,
1311 1556 1356 1616 cel
1371 1552 1413 1610 ab·

323 1649 405 1704 iecra
419 1663 569 1722 persona,
593 1642 644 1703 uel
662 1646 813 1721 Lemonia,
836 1655 892 1703 aret
912 1647 1060 1704 Arruntii
1072 1644 1167 1724 filia,
1187 1644 1236 1705 cel
1255 1662 1334 1723 quae
1351 1658 1412 1697 mer·

323 1731 468 1791 citncuc'e'e
483 1728 606 1807 publice
623 1730 781 1809 praefuit,
801 1724 958 1809 susceptor
969 1731 1060 1809 filice
1079 1733 1115 1789 t'u
1131 1750 1259 1789 numero
1279 1728 1411 1807 legitimo·

323 1834 395 1875 rum
416 1814 525 1873 habere
546 1815 713 1891 vulturini,
734 1826 794 1874 cut
811 1819 937 1895 proprio
957 1813 1089 1892 iudicio,
1111 1826 1168 1874 aut
1186 1816 1288 1873 nostri
1304 1828 1411 1891 prouo-

321 1903 436 1985 gcte'va
456 1902 605 1979 reeevipte'.
648 1902 733 1959 Hanc
754 1902 856 1980 legem
877 1904 1009 1960 Iustinus
1030 1904 1208 1981 antiquavit.

409 1988 445 2045 P.
470 1990 526 2059 66,
551 1984 604 2050 15·.·
652 1988 828 2065 Principem
850 1985 955 2065 adigis
977 1983 1024 2043 ad
1048 1986 1144 2065 legem
1166 2004 1252 2043 noca
1278 1980 1409 2040 eonstitu-

324 2074 407 2131 te'cne
433 2068 639 2147 evertendam]
678 2073 782 2130 Innuit
809 2074 974 2150 Procopius
1000 2074 1110 2130 Iustiui
1135 2073 1239 2150 legem
1268 2068 1311 2131 28
1335 2086 1358 2123 ⁰·
1380 2058 1408 2117 ἆθ

323 2166 411 2235 nupt.
454 2158 568 2215 Verum
593 2152 676 2236 quod
704 2153 756 2215 hia
782 2166 917 2236 repetere
944 2175 1035 2235 saepe
1063 2174 1172 2234 cogor,
1200 2165 1328 2236 mauros
1353 2148 1408 2205 illut

323 2241 441 2301 litterae
471 2242 559 2299 Iuer.
596 2241 705 2319 quibus
740 2259 851 2299 nomen
878 2242 1012 2300 Iustinus
1040 2244 1142 2301 senior
1175 2240 1300 2299 notabat
1328 2250 1406 2299 suum.

323 2323 586 2407 quemadmodum
607 2345 697 2403 supra
717 2344 788 2405 pag.
811 2330 852 2391 28
874 2328 1039 2405 Procopius
1059 2328 1208 2399 narravit3
1242 2342 1352 2405 quaeve
1372 2317 1406 2374 ilii

323 2410 476 2491 praefixae
498 2412 710 2469 constitutioni
728 2414 761 2467 in
783 2413 914 2491 antiquis
934 2411 1147 2490 manuscriptis
1167 2411 1255 2469 libris
1274 2417 1364 2479 erant,
1385 2409 1406 2457 ri

323 2514 381 2553 nos
401 2498 434 2552 in
455 2496 599 2553 Vaticano
624 2495 868 2570 observavimus,
897 2494 994 2555 ductis
1022 2499 1094 2555 vitis
1123 2498 1344 2575 imposuerunt,
1367 2486 1405 2566 qui

323 2580 390 2639 eius
412 2590 501 2639 notae
522 2580 752 2659 ambiguitatem
772 2578 813 2639 ad
827 2583 995 2657 Iustiniani,
1017 2600 1110 2661 quam
1131 2580 1172 2639 ad
1190 2583 1300 2641 luatini
1318 2589 1405 2635 nomen

322 2664 512 2744 interpretari
533 2665 721 2740 maluerunt,
744 2664 905 2746 eidemque
923 2669 1169 2726 conetinttionem
1190 2664 1405 2727 adecribere:ri

322 2750 475 2809 Hubertus
497 2748 665 2829 Giphaniue
686 2768 756 2809 eam
776 2748 956 2810 Theodorae
975 2770 1068 2811 suasu
1087 2754 1121 2809 in
1143 2750 1335 2812 commodum
1352 2760 1404 2802 mu·

322 2835 434 2895 lierum
455 2832 569 2894 editam
587 2838 784 2895 almtinianc
806 2838 899 2895 etiam
920 2834 1058 2895 credidit.
1101 2835 1164 2897 Sed
1176 2839 1285 2898 luetiai
1305 2832 1403 2893 omuino

323 2930 385 2981 est:
414 2940 487 2979 nam
514 2924 547 2979 iu
574 2918 710 2980 codicem
736 2940 798 2981 nou
820 2922 917 2980 semel
936 2924 1120 3001 irrepserunt
1140 2922 1234 2981 falsae
1255 2922 1352 2999 legum
1368 2917 1404 2971 ifl-

219 3008 311 3069 1²11?
325 3008 516 3086 sumptiones,
545 3017 635 3086 atque
663 3009 757 3065 etiam
777 3006 1022 3087 subscriptiones.
1064 3009 1172 3066 Dicam
1191 3017 1311 3066 tantm
1333 3006 1361 3060 in
1380 3014 1402 3053 κ

323 3093 474 3172 praesenti
498 3092 757 3169 exploratissimae
785 3111 932 3173 quaeque.
975 3095 997 3152 1.
1019 3096 1040 3157 6
1069 3090 1283 3153 restituendae.
1329 3079 1403 3146 (ide
1437 3117 1438 3160 q

324 3175 429 3237 advoc.
448 3176 511 3235 fisc.
535 3186 566 3234 et
594 3177 660 3241 t.7
687 3197 744 3256 per
771 3173 850 3236 hauc
873 3179 993 3257 legem,
1023 3187 1056 3236 et
1077 3179 1101 3237 l.
1121 3182 1145 3243 8
1165 3198 1274 3253 nemo,
1301 3186 1360 3233 tum
1380 3169 1403 3223 5¹¹
1436 3197 1437 3240 t

231 3262 308 3323 ΗΒ
324 3259 504 3342 epigraphe,
527 3271 594 3319 tum
616 3264 649 3319 in
670 3272 744 3323 ncta
764 3262 923 3322 consulum
944 3261 984 3321 ad
1004 3264 1119 3322 calcem
1138 3262 1286 3323 mendose
1305 3270 1346 3319 est
1361 3272 1403 3311 Μ’
1435 3263 1436 3318 i

322 3368 394 3407 men
423 3346 598 3419 Iustiniani3
628 3365 702 3405 uam
730 3366 771 3406 ex
801 3350 897 3407 tribus
928 3350 991 3407 illie
1023 3349 1302 3422 constitutionibus,
1328 3344 1403 3423 print

230 3480 235 3501 .
321 3435 437 3494 sancita
459 3443 506 3492 est
527 3449 607 3490 anno
627 3434 736 3492 lmuni
757 3434 871 3512 prim03
895 3431 1028 3493 secunda
1049 3445 1079 3492 et
1099 3438 1201 3510 tertia,
1224 3452 1303 3492 anno
1321 3436 1401 3490 sextu

321 3514 508 3597 metendique
530 3528 601 3577 eunt
621 3515 683 3581 duo
703 3521 813 3577 luetiai
832 3522 964 3598 augenti
990 3521 1182 3593 concederem,
1211 3519 1288 3578 alter
1310 3514 1402 3585 collega

321 3600 501 3676 Eutharico,
530 3603 607 3660 alter
627 3604 785 3686 Opiliona;
815 3615 850 3663 ut
869 3616 950 3663 recte
974 3615 1020 3663 est
1040 3604 1062 3663 l.
1080 3608 1121 3668 28
1144 3606 1290 3665 consulta.
1329 3601 1357 3657 0·
1375 3591 1402 3649 1¹⁸

321 3690 423 3749 testib.
444 3706 517 3747 uam
537 3689 721 3749 Imtinianus
743 3708 815 3748 cum
830 3690 949 3751 Valerio
970 3692 1105 3768 primum
1126 3691 1314 3751 comulatam
1331 3679 1401 3762 gadi

321 3792 401 3833 anno
427 3774 535 3833 luetini
560 3776 703 3833 avunculi
729 3778 830 3835 tertio.
871 3773 922 3835 ed
948 3772 1027 3835 hanc
1055 3795 1195 3835 normam
1221 3762 1401 3834 emendando

322 3868 354 3917 et
374 3859 453 3917 aliae
474 3868 554 3933 sunt,
576 3870 607 3918 et
627 3860 649 3919 l.
666 3865 688 3926 7
708 3859 822 3938 legem.
864 3863 899 3921 0.
915 3859 954 3919 de
973 3871 1037 3920 nat.
1052 3862 1106 3919 lib.
1148 3864 1305 3920 Praeterea
1322 3858 1400 3930 legen

320 3942 410 4002 illam
438 3940 476 4001 de
502 3946 628 4003 scenicis
655 3946 834 4007 mulieribus
860 3948 969 4008 lustini
998 3966 1064 4007 ease
1092 3966 1214 4027 prorsus
1238 3943 1340 4004 evincit
1355 3934 1400 3993 uis

322 4025 362 4086 de
390 4026 501 4086 iisdem
522 4032 648 4090 scenicis
670 4034 829 4093 iustiniani
855 4034 1046 4107 conetitutio,
1074 4034 1114 4091 ab
1134 4033 1189 4091 iila
1208 4032 1312 4090 tustini
1329 4024 1398 4104 plffl

321 4110 456 4189 diversa,
477 4116 590 4195 quippe
612 4135 690 4198 quae
710 4136 773 4176 nou
794 4119 894 4180 solum
913 4120 1002 4198 plura
1022 4121 1136 4197 capita,
1158 4115 1212 4176 eed
1233 4117 1321 4174 etism
1337 4106 1398 4166 tufi·

320 4201 458 4260 nomima
485 4203 650 4277 contineat,
681 4212 715 4261 ut
745 4208 848 4265 statim
875 4222 1038 4284 exponam.
1081 4206 1126 4262 Ea
1153 4203 1224 4261 licet
1249 4197 1332 4259 hodie
1350 4205 1395 4285 ηοξ

319 4294 422 4363 extet,
455 4303 607 4347 summam
635 4297 737 4351 tamen
764 4292 830 4353 eins
863 4288 1010 4352 babemus
1037 4291 1071 4348 in
1098 4291 1240 4369 rescripto
1265 4281 1393 4344 tuamen
