<?xml version="1.0" encoding="UTF-8"?>
<!DOCTYPE html PUBLIC "-//W3C//DTD XHTML 1.0 Transitional//EN"
    "http://www.w3.org/TR/xhtml1/DTD/xhtml1-transitional.dtd">
<html xmlns="http://www.w3.org/1999/xhtml" xml:lang="en" lang="en">
 <head>
  <title>
</title>
<meta http-equiv="Content-Type" content="text/html;charset=utf-8" />
  <meta name='ocr-system' content='tesseract 3.04.00' />
  <meta name='ocr-capabilities' content='ocr_page ocr_carea ocr_par ocr_line ocrx_word'/>
</head>
<body>
  <div class='ocr_page' id='page_1' title='image "./corpusscriptoru15theogoog/corpusscriptoru15theogoog_0023.png"; bbox 0 0 2959 4792; ppageno 0'>
   <div class='ocr_carea' id='block_1_1' title="bbox 449 278 1246 361">
    <p class='ocr_par' dir='ltr' id='par_1_1' title="bbox 449 278 1246 361">
     <span class='ocr_line' id='line_1_1' title="bbox 449 278 1246 361; baseline 0.014 -17"><span class='ocrx_word' id='word_1_1' title='bbox 449 278 650 359; x_wconf 65' lang='lat' dir='ltr'><strong>mmmmm</strong></span> <span class='ocrx_word' id='word_1_2' title='bbox 671 280 942 361; x_wconf 65' lang='lat' dir='ltr'><strong>nissettamo„</strong></span> <span class='ocrx_word' id='word_1_3' title='bbox 1172 312 1246 358; x_wconf 85' lang='lat' dir='ltr'><strong>xrrr</strong></span> 
     </span>
    </p>
   </div>
   <div class='ocr_carea' id='block_1_2' title="bbox 130 446 1338 2495">
    <p class='ocr_par' dir='ltr' id='par_1_2' title="bbox 130 446 1338 1049">
     <span class='ocr_line' id='line_1_2' title="bbox 130 446 1338 543; baseline 0.013 -29"><span class='ocrx_word' id='word_1_4' title='bbox 130 448 239 537; x_wconf 71' lang='lat' dir='ltr'><strong>graduis</strong></span> <span class='ocrx_word' id='word_1_5' title='bbox 252 446 388 515; x_wconf 81' lang='lat' dir='ltr'><strong>aboleuit.</strong></span> <span class='ocrx_word' id='word_1_6' title='bbox 433 449 672 517; x_wconf 72' lang='lat' dir='ltr'><strong>sceleratissimos</strong></span> <span class='ocrx_word' id='word_1_7' title='bbox 698 472 956 541; x_wconf 76' lang='lat' dir='ltr'><strong>quosquasemper</strong></span> <span class='ocrx_word' id='word_1_8' title='bbox 979 456 1015 521; x_wconf 87' lang='lat' dir='ltr'><strong>ad</strong></span> <span class='ocrx_word' id='word_1_9' title='bbox 1035 455 1187 543; x_wconf 70' lang='lat' dir='ltr'><strong>liguitmes</strong></span> <span class='ocrx_word' id='word_1_10' title='bbox 1210 482 1246 527; x_wconf 85' lang='lat' dir='ltr'><strong>ne</strong></span> <span class='ocrx_word' id='word_1_11' title='bbox 1333 502 1338 530; x_wconf 85' lang='lat' dir='ltr'><strong>t</strong></span> 
     </span>
     <span class='ocr_line' id='line_1_3' title="bbox 130 552 1243 647; baseline 0.01 -32"><span class='ocrx_word' id='word_1_12' title='bbox 130 552 311 641; x_wconf 72' lang='lat' dir='ltr'><strong>magistratus</strong></span> <span class='ocrx_word' id='word_1_13' title='bbox 325 553 438 629; x_wconf 79' lang='lat' dir='ltr'>evexit,</span> <span class='ocrx_word' id='word_1_14' title='bbox 463 554 534 619; x_wconf 89' lang='lat' dir='ltr'><strong>inter</strong></span> <span class='ocrx_word' id='word_1_15' title='bbox 546 554 599 619; x_wconf 84' lang='lat' dir='ltr'><strong>hoa</strong></span> <span class='ocrx_word' id='word_1_16' title='bbox 613 553 759 633; x_wconf 76' lang='lat' dir='ltr'><strong>Acacium,</strong></span> <span class='ocrx_word' id='word_1_17' title='bbox 783 556 827 621; x_wconf 88' lang='lat' dir='ltr'><strong>cui</strong></span> <span class='ocrx_word' id='word_1_18' title='bbox 843 569 906 641; x_wconf 87' lang='lat' dir='ltr'><strong>post</strong></span> <span class='ocrx_word' id='word_1_19' title='bbox 923 578 1035 623; x_wconf 87' lang='lat' dir='ltr'><strong>caesum</strong></span> <span class='ocrx_word' id='word_1_20' title='bbox 1048 560 1243 647; x_wconf 79' lang='lat' dir='ltr'><strong>Amasaspcm,</strong></span> 
     </span>
     <span class='ocr_line' id='line_1_4' title="bbox 130 654 1321 745; baseline 0.008 -24"><span class='ocrx_word' id='word_1_21' title='bbox 130 656 286 721; x_wconf 75' lang='lat' dir='ltr'><strong>Anueniac</strong></span> <span class='ocrx_word' id='word_1_22' title='bbox 301 654 448 741; x_wconf 88' lang='lat' dir='ltr'><strong>imperium</strong></span> <span class='ocrx_word' id='word_1_23' title='bbox 461 655 611 731; x_wconf 85' lang='lat' dir='ltr'><strong>concessit;</strong></span> <span class='ocrx_word' id='word_1_24' title='bbox 633 669 663 723; x_wconf 88' lang='lat' dir='ltr'><strong>et</strong></span> <span class='ocrx_word' id='word_1_25' title='bbox 684 656 816 723; x_wconf 87' lang='lat' dir='ltr'><strong>loannem</strong></span> <span class='ocrx_word' id='word_1_26' title='bbox 831 658 948 735; x_wconf 87' lang='lat' dir='ltr'><strong>Zibnm,</strong></span> <span class='ocrx_word' id='word_1_27' title='bbox 967 660 1014 745; x_wconf 90' lang='lat' dir='ltr'><strong>qui</strong></span> <span class='ocrx_word' id='word_1_28' title='bbox 1039 675 1068 725; x_wconf 85' lang='lat' dir='ltr'><strong>ut</strong></span> <span class='ocrx_word' id='word_1_29' title='bbox 1088 663 1188 729; x_wconf 87' lang='lat' dir='ltr'><strong>Colchi</strong></span> <span class='ocrx_word' id='word_1_30' title='bbox 1202 666 1239 730; x_wconf 79' lang='lat' dir='ltr'><strong>acl</strong></span> <span class='ocrx_word' id='word_1_31' title='bbox 1254 665 1278 720; x_wconf 87' lang='lat' dir='ltr'>P</span> <span class='ocrx_word' id='word_1_32' title='bbox 1294 665 1321 720; x_wconf 80' lang='lat' dir='ltr'>X</span> 
     </span>
     <span class='ocr_line' id='line_1_5' title="bbox 135 757 1309 848; baseline 0.009 -26"><span class='ocrx_word' id='word_1_33' title='bbox 135 757 293 823; x_wconf 76' lang='lat' dir='ltr'><strong>Cbosroem</strong></span> <span class='ocrx_word' id='word_1_34' title='bbox 308 757 459 823; x_wconf 84' lang='lat' dir='ltr'><strong>deficerent</strong></span> <span class='ocrx_word' id='word_1_35' title='bbox 474 770 552 821; x_wconf 84' lang='lat' dir='ltr'><strong>sutor</strong></span> <span class='ocrx_word' id='word_1_36' title='bbox 565 757 623 823; x_wconf 85' lang='lat' dir='ltr'><strong>init.</strong></span> <span class='ocrx_word' id='word_1_37' title='bbox 665 759 758 836; x_wconf 87' lang='lat' dir='ltr'><strong>Haec,</strong></span> <span class='ocrx_word' id='word_1_38' title='bbox 780 761 890 847; x_wconf 91' lang='lat' dir='ltr'><strong>aliaque</strong></span> <span class='ocrx_word' id='word_1_39' title='bbox 906 762 1048 848; x_wconf 85' lang='lat' dir='ltr'><strong>complura</strong></span> <span class='ocrx_word' id='word_1_40' title='bbox 1067 764 1273 843; x_wconf 67' lang='lat' dir='ltr'><strong>mbistoriaa</strong></span> <span class='ocrx_word' id='word_1_41' title='bbox 1290 779 1309 832; x_wconf 85' lang='grc'><strong>8</strong></span> 
     </span>
     <span class='ocr_line' id='line_1_6' title="bbox 132 858 1242 953; baseline 0.008 -29"><span class='ocrx_word' id='word_1_42' title='bbox 132 881 215 945; x_wconf 63' lang='lat' dir='ltr'><strong>mem</strong></span> <span class='ocrx_word' id='word_1_43' title='bbox 246 859 398 925; x_wconf 81' lang='lat' dir='ltr'><strong>Iustiniane</strong></span> <span class='ocrx_word' id='word_1_44' title='bbox 439 859 592 947; x_wconf 79' lang='lat' dir='ltr'><strong>legendam</strong></span> <span class='ocrx_word' id='word_1_45' title='bbox 632 860 783 949; x_wconf 85' lang='lat' dir='ltr'><strong>Procopius</strong></span> <span class='ocrx_word' id='word_1_46' title='bbox 807 919 809 924; x_wconf 95' lang='lat'><em>.</em></span> <span class='ocrx_word' id='word_1_47' title='bbox 827 863 955 941; x_wconf 80' lang='lat' dir='ltr'><strong>tradidit,</strong></span> <span class='ocrx_word' id='word_1_48' title='bbox 991 858 1147 953; x_wconf 81' lang='lat' dir='ltr'><strong>eodemque</strong></span> <span class='ocrx_word' id='word_1_49' title='bbox 1177 869 1242 935; x_wconf 83' lang='lat' dir='ltr'><strong>vivo</strong></span> 
     </span>
     <span class='ocr_line' id='line_1_7' title="bbox 134 960 295 1049; baseline 0.012 -24"><span class='ocrx_word' id='word_1_50' title='bbox 134 960 295 1049; x_wconf 89' lang='lat' dir='ltr'><strong>publicarit.</strong></span> 
     </span>
    </p>

    <p class='ocr_par' dir='ltr' id='par_1_3' title="bbox 133 1082 1276 2495">
     <span class='ocr_line' id='line_1_8' title="bbox 221 1082 1242 1172; baseline 0.01 -25"><span class='ocrx_word' id='word_1_51' title='bbox 221 1082 322 1168; x_wconf 85' lang='lat' dir='ltr'><strong>Neque</strong></span> <span class='ocrx_word' id='word_1_52' title='bbox 343 1093 526 1171; x_wconf 75' lang='lat' dir='ltr'><strong>posteaquam</strong></span> <span class='ocrx_word' id='word_1_53' title='bbox 546 1082 566 1149; x_wconf 91' lang='lat' dir='ltr'><strong>ii</strong></span> <span class='ocrx_word' id='word_1_54' title='bbox 586 1083 776 1151; x_wconf 85' lang='lat' dir='ltr'><strong>commentarii</strong></span> <span class='ocrx_word' id='word_1_55' title='bbox 796 1083 906 1160; x_wconf 87' lang='lat' dir='ltr'><strong>emissi,</strong></span> <span class='ocrx_word' id='word_1_56' title='bbox 931 1095 1013 1172; x_wconf 82' lang='lat' dir='ltr'><strong>utque</strong></span> <span class='ocrx_word' id='word_1_57' title='bbox 1034 1087 1242 1157; x_wconf 85' lang='lat' dir='ltr'><strong>multorum&#39;ce·</strong></span> 
     </span>
     <span class='ocr_line' id='line_1_9' title="bbox 135 1182 1242 1273; baseline 0.01 -26"><span class='ocrx_word' id='word_1_58' title='bbox 135 1182 250 1249; x_wconf 78' lang='lat' dir='ltr'><strong>trustis</strong></span> <span class='ocrx_word' id='word_1_59' title='bbox 269 1197 296 1248; x_wconf 92' lang='lat' dir='ltr'><strong>et</strong></span> <span class='ocrx_word' id='word_1_60' title='bbox 315 1182 577 1263; x_wconf 71' lang='lat' dir='ltr'><strong>obtrectationibus,</strong></span> <span class='ocrx_word' id='word_1_61' title='bbox 606 1197 636 1251; x_wconf 91' lang='lat' dir='ltr'><strong>nt</strong></span> <span class='ocrx_word' id='word_1_62' title='bbox 663 1186 753 1253; x_wconf 75' lang='lat' dir='ltr'><strong>terrac</strong></span> <span class='ocrx_word' id='word_1_63' title='bbox 773 1186 887 1260; x_wconf 85' lang='lat' dir='ltr'><strong>eccidit.</strong></span> <span class='ocrx_word' id='word_1_64' title='bbox 911 1188 1030 1273; x_wconf 76' lang='lat' dir='ltr'><strong>expositi</strong></span> <span class='ocrx_word' id='word_1_65' title='bbox 1050 1204 1127 1265; x_wconf 89' lang='lat' dir='ltr'><strong>suut,</strong></span> <span class='ocrx_word' id='word_1_66' title='bbox 1152 1191 1242 1261; x_wconf 80' lang='lat' dir='ltr'><strong>otar-</strong></span> 
     </span>
     <span class='ocr_line' id='line_1_10' title="bbox 136 1284 1241 1377; baseline 0.013 -30"><span class='ocrx_word' id='word_1_67' title='bbox 136 1284 214 1349; x_wconf 88' lang='lat' dir='ltr'><strong>sioui</strong></span> <span class='ocrx_word' id='word_1_68' title='bbox 237 1284 384 1371; x_wconf 83' lang='lat' dir='ltr'><strong>aliquando</strong></span> <span class='ocrx_word' id='word_1_69' title='bbox 407 1286 558 1353; x_wconf 87' lang='lat' dir='ltr'><strong>Iustiniano</strong></span> <span class='ocrx_word' id='word_1_70' title='bbox 583 1288 706 1366; x_wconf 81' lang='lat' dir='ltr'><strong>lucrum,</strong></span> <span class='ocrx_word' id='word_1_71' title='bbox 736 1288 784 1355; x_wconf 91' lang='lat' dir='ltr'><strong>rel</strong></span> <span class='ocrx_word' id='word_1_72' title='bbox 812 1301 939 1355; x_wconf 80' lang='lat' dir='ltr'><strong>mearunt</strong></span> <span class='ocrx_word' id='word_1_73' title='bbox 967 1290 1055 1355; x_wconf 88' lang='lat' dir='ltr'><strong>autori</strong></span> <span class='ocrx_word' id='word_1_74' title='bbox 1077 1293 1241 1377; x_wconf 86' lang='lat' dir='ltr'><strong>pericnlum:</strong></span> 
     </span>
     <span class='ocr_line' id='line_1_11' title="bbox 135 1383 1243 1479; baseline 0.01 -30"><span class='ocrx_word' id='word_1_75' title='bbox 135 1383 197 1449; x_wconf 90' lang='lat' dir='ltr'><strong>imo</strong></span> <span class='ocrx_word' id='word_1_76' title='bbox 210 1408 263 1451; x_wconf 84' lang='lat' dir='ltr'><strong>nou</strong></span> <span class='ocrx_word' id='word_1_77' title='bbox 284 1386 330 1452; x_wconf 84' lang='lat' dir='ltr'><strong>diu</strong></span> <span class='ocrx_word' id='word_1_78' title='bbox 351 1399 414 1473; x_wconf 85' lang='lat' dir='ltr'><strong>post</strong></span> <span class='ocrx_word' id='word_1_79' title='bbox 430 1400 557 1455; x_wconf 85' lang='lat' dir='ltr'><strong>cetarum</strong></span> <span class='ocrx_word' id='word_1_80' title='bbox 569 1390 721 1476; x_wconf 72' lang='lat' dir='ltr'><strong>Procopius</strong></span> <span class='ocrx_word' id='word_1_81' title='bbox 744 1390 844 1455; x_wconf 90' lang='lat' dir='ltr'><strong>librum</strong></span> <span class='ocrx_word' id='word_1_82' title='bbox 867 1390 970 1466; x_wconf 86' lang='lat' dir='ltr'><strong>edidit,</strong></span> <span class='ocrx_word' id='word_1_83' title='bbox 1000 1391 1030 1455; x_wconf 93' lang='lat' dir='ltr'><strong>in</strong></span> <span class='ocrx_word' id='word_1_84' title='bbox 1055 1414 1110 1479; x_wconf 91' lang='lat' dir='ltr'><strong>quo</strong></span> <span class='ocrx_word' id='word_1_85' title='bbox 1138 1394 1175 1459; x_wconf 80' lang='lat' dir='ltr'><strong>ab</strong></span> <span class='ocrx_word' id='word_1_86' title='bbox 1202 1396 1243 1460; x_wconf 90' lang='lat' dir='ltr'><strong>iu·</strong></span> 
     </span>
     <span class='ocr_line' id='line_1_12' title="bbox 135 1487 1243 1580; baseline 0.012 -30"><span class='ocrx_word' id='word_1_87' title='bbox 135 1487 275 1551; x_wconf 63' lang='lat' dir='ltr'><strong>metandis</strong></span> <span class='ocrx_word' id='word_1_88' title='bbox 298 1490 480 1576; x_wconf 77' lang='lat' dir='ltr'><strong>notandisque</strong></span> <span class='ocrx_word' id='word_1_89' title='bbox 498 1491 639 1557; x_wconf 78' lang='lat' dir='ltr'><strong>lastiniani</strong></span> <span class='ocrx_word' id='word_1_90' title='bbox 659 1491 817 1557; x_wconf 77' lang='lat' dir='ltr'><strong>criminibus</strong></span> <span class='ocrx_word' id='word_1_91' title='bbox 835 1492 1033 1580; x_wconf 77' lang='lat' dir='ltr'><strong>nihilomagis</strong></span> <span class='ocrx_word' id='word_1_92' title='bbox 1051 1516 1133 1580; x_wconf 66' lang='lat' dir='ltr'><strong>mana</strong></span> <span class='ocrx_word' id='word_1_93' title='bbox 1159 1508 1243 1565; x_wconf 78' lang='lat' dir='ltr'><strong>enter</strong></span> 
     </span>
     <span class='ocr_line' id='line_1_13' title="bbox 134 1590 1276 1684; baseline 0.011 -30"><span class='ocrx_word' id='word_1_94' title='bbox 134 1590 273 1657; x_wconf 84' lang='lat' dir='ltr'><strong>abstinuit</strong></span> <span class='ocrx_word' id='word_1_95' title='bbox 316 1592 390 1657; x_wconf 90' lang='lat' dir='ltr'><strong>Nem</strong></span> <span class='ocrx_word' id='word_1_96' title='bbox 418 1592 515 1659; x_wconf 87' lang='lat' dir='ltr'><strong>iterem</strong></span> <span class='ocrx_word' id='word_1_97' title='bbox 536 1593 674 1680; x_wconf 86' lang='lat' dir='ltr'><strong>stipendia</strong></span> <span class='ocrx_word' id='word_1_98' title='bbox 696 1594 826 1660; x_wconf 76' lang='lat' dir='ltr'><strong>militibus</strong></span> <span class='ocrx_word' id='word_1_99' title='bbox 851 1608 955 1684; x_wconf 80' lang='lat' dir='ltr'><strong>negata</strong></span> <span class='ocrx_word' id='word_1_100' title='bbox 982 1595 1114 1674; x_wconf 87' lang='lat' dir='ltr'><strong>inculcat;</strong></span> <span class='ocrx_word' id='word_1_101' title='bbox 1143 1598 1242 1667; x_wconf 84' lang='lat' dir='ltr'><strong>iterum</strong></span> <span class='ocrx_word' id='word_1_102' title='bbox 1272 1637 1276 1646; x_wconf 93' lang='lat'>·</span> 
     </span>
     <span class='ocr_line' id='line_1_14' title="bbox 133 1692 1238 1788; baseline 0.007 -31"><span class='ocrx_word' id='word_1_103' title='bbox 133 1694 284 1781; x_wconf 81' lang='lat' dir='ltr'><strong>neglectos</strong></span> <span class='ocrx_word' id='word_1_104' title='bbox 304 1692 374 1761; x_wconf 89' lang='lat' dir='ltr'><strong>belli</strong></span> <span class='ocrx_word' id='word_1_105' title='bbox 394 1706 543 1780; x_wconf 79' lang='lat' dir='ltr'><strong>apparatos</strong></span> <span class='ocrx_word' id='word_1_106' title='bbox 561 1709 772 1771; x_wconf 69' lang='lat' dir='ltr'><strong>commemoratr</strong></span> <span class='ocrx_word' id='word_1_107' title='bbox 800 1697 897 1761; x_wconf 88' lang='lat' dir='ltr'><strong>iterum</strong></span> <span class='ocrx_word' id='word_1_108' title='bbox 922 1696 1063 1762; x_wconf 84' lang='lat' dir='ltr'><strong>lastiniani</strong></span> <span class='ocrx_word' id='word_1_109' title='bbox 1087 1700 1238 1788; x_wconf 77' lang='lat' dir='ltr'><strong>prodigen-</strong></span> 
     </span>
     <span class='ocr_line' id='line_1_15' title="bbox 134 1794 1239 1889; baseline 0.007 -30"><span class='ocrx_word' id='word_1_110' title='bbox 134 1794 203 1859; x_wconf 86' lang='lat' dir='ltr'><strong>tiam</strong></span> <span class='ocrx_word' id='word_1_111' title='bbox 217 1794 245 1859; x_wconf 90' lang='lat' dir='ltr'><strong>in</strong></span> <span class='ocrx_word' id='word_1_112' title='bbox 261 1796 429 1882; x_wconf 81' lang='lat' dir='ltr'><strong>excipiendo</strong></span> <span class='ocrx_word' id='word_1_113' title='bbox 443 1796 622 1861; x_wconf 84' lang='lat' dir='ltr'><strong>fastosissimo</strong></span> <span class='ocrx_word' id='word_1_114' title='bbox 636 1797 762 1864; x_wconf 80' lang='lat' dir='ltr'><strong>berbece</strong></span> <span class='ocrx_word' id='word_1_115' title='bbox 781 1797 912 1885; x_wconf 80' lang='lat' dir='ltr'><strong>ladiguns</strong></span> <span class='ocrx_word' id='word_1_116' title='bbox 928 1798 1074 1865; x_wconf 80' lang='lat' dir='ltr'><strong>Persarum</strong></span> <span class='ocrx_word' id='word_1_117' title='bbox 1085 1801 1177 1889; x_wconf 82' lang='lat' dir='ltr'><strong>Regis</strong></span> <span class='ocrx_word' id='word_1_118' title='bbox 1197 1802 1239 1867; x_wconf 91' lang='lat' dir='ltr'><strong>le·</strong></span> 
     </span>
     <span class='ocr_line' id='line_1_16' title="bbox 137 1896 1240 1985; baseline 0.007 -24"><span class='ocrx_word' id='word_1_119' title='bbox 137 1910 206 1985; x_wconf 76' lang='lat' dir='ltr'><strong>gato</strong></span> <span class='ocrx_word' id='word_1_120' title='bbox 223 1897 375 1984; x_wconf 80' lang='lat' dir='ltr'><strong>ritnperat3</strong></span> <span class='ocrx_word' id='word_1_121' title='bbox 402 1897 478 1961; x_wconf 88' lang='lat' dir='ltr'><strong>addit</strong></span> <span class='ocrx_word' id='word_1_122' title='bbox 493 1896 541 1963; x_wconf 87' lang='lat' dir='ltr'><strong>bio</strong></span> <span class='ocrx_word' id='word_1_123' title='bbox 562 1920 633 1963; x_wconf 81' lang='lat' dir='ltr'><strong>vero</strong></span> <span class='ocrx_word' id='word_1_124' title='bbox 645 1921 701 1965; x_wconf 79' lang='lat' dir='ltr'><strong>eas</strong></span> <span class='ocrx_word' id='word_1_125' title='bbox 711 1900 820 1965; x_wconf 89' lang='lat' dir='ltr'><strong>domum</strong></span> <span class='ocrx_word' id='word_1_126' title='bbox 838 1898 966 1965; x_wconf 81' lang='lat' dir='ltr'><strong>retulisse</strong></span> <span class='ocrx_word' id='word_1_127' title='bbox 984 1900 1021 1965; x_wconf 86' lang='lat' dir='ltr'><strong>ub</strong></span> <span class='ocrx_word' id='word_1_128' title='bbox 1035 1902 1184 1968; x_wconf 81' lang='lat' dir='ltr'><strong>Iustiniano</strong></span> <span class='ocrx_word' id='word_1_129' title='bbox 1197 1903 1240 1969; x_wconf 85' lang='lat' dir='ltr'><strong>ti·</strong></span> 
     </span>
     <span class='ocr_line' id='line_1_17' title="bbox 135 1998 1240 2087; baseline 0.007 -24"><span class='ocrx_word' id='word_1_130' title='bbox 135 1999 234 2074; x_wconf 80' lang='lat' dir='ltr'><strong>virias,</strong></span> <span class='ocrx_word' id='word_1_131' title='bbox 278 1998 377 2086; x_wconf 86' lang='lat' dir='ltr'><strong>quibus</strong></span> <span class='ocrx_word' id='word_1_132' title='bbox 408 1998 630 2084; x_wconf 86' lang='lat' dir='ltr'><strong>opulentissimos</strong></span> <span class='ocrx_word' id='word_1_133' title='bbox 672 2021 796 2087; x_wconf 87' lang='lat' dir='ltr'><strong>quosque</strong></span> <span class='ocrx_word' id='word_1_134' title='bbox 832 2001 978 2067; x_wconf 81' lang='lat' dir='ltr'><strong>Persarum</strong></span> <span class='ocrx_word' id='word_1_135' title='bbox 1014 2002 1099 2069; x_wconf 84' lang='lat' dir='ltr'><strong>tacite</strong></span> <span class='ocrx_word' id='word_1_136' title='bbox 1136 2005 1240 2071; x_wconf 87' lang='lat' dir='ltr'><strong>deinde</strong></span> 
     </span>
     <span class='ocr_line' id='line_1_18' title="bbox 135 2100 1238 2186; baseline 0.009 -22"><span class='ocrx_word' id='word_1_137' title='bbox 135 2100 282 2186; x_wconf 81' lang='lat' dir='ltr'><strong>superarit.</strong></span> <span class='ocrx_word' id='word_1_138' title='bbox 325 2100 442 2165; x_wconf 86' lang='lat' dir='ltr'><strong>Praeter</strong></span> <span class='ocrx_word' id='word_1_139' title='bbox 456 2101 529 2165; x_wconf 89' lang='lat' dir='ltr'><strong>baec</strong></span> <span class='ocrx_word' id='word_1_140' title='bbox 542 2122 603 2165; x_wconf 90' lang='lat' dir='ltr'><strong>rem</strong></span> <span class='ocrx_word' id='word_1_141' title='bbox 626 2102 812 2169; x_wconf 82' lang='lat' dir='ltr'><strong>Romanorum</strong></span> <span class='ocrx_word' id='word_1_142' title='bbox 829 2102 880 2167; x_wconf 90' lang='lat' dir='ltr'><strong>sub</strong></span> <span class='ocrx_word' id='word_1_143' title='bbox 901 2104 1051 2169; x_wconf 83' lang='lat' dir='ltr'><strong>lustiniauo</strong></span> <span class='ocrx_word' id='word_1_144' title='bbox 1072 2126 1108 2169; x_wconf 87' lang='lat' dir='ltr'><strong>eo</strong></span> <span class='ocrx_word' id='word_1_145' title='bbox 1121 2105 1177 2170; x_wconf 91' lang='lat' dir='ltr'><strong>loci</strong></span> <span class='ocrx_word' id='word_1_146' title='bbox 1190 2128 1238 2173; x_wconf 87' lang='lat' dir='ltr'><strong>re·</strong></span> 
     </span>
     <span class='ocr_line' id='line_1_19' title="bbox 135 2202 1241 2289; baseline 0.005 -22"><span class='ocrx_word' id='word_1_147' title='bbox 135 2203 306 2279; x_wconf 72' lang='lat' dir='ltr'><strong>missatici,</strong></span> <span class='ocrx_word' id='word_1_148' title='bbox 334 2214 362 2267; x_wconf 87' lang='lat' dir='ltr'><strong>ut</strong></span> <span class='ocrx_word' id='word_1_149' title='bbox 380 2202 473 2268; x_wconf 87' lang='lat' dir='ltr'><strong>Persis</strong></span> <span class='ocrx_word' id='word_1_150' title='bbox 488 2205 614 2271; x_wconf 85' lang='lat' dir='ltr'><strong>tributum</strong></span> <span class='ocrx_word' id='word_1_151' title='bbox 635 2204 779 2289; x_wconf 83' lang='lat' dir='ltr'><strong>quotannis</strong></span> <span class='ocrx_word' id='word_1_152' title='bbox 794 2204 974 2289; x_wconf 86' lang='lat' dir='ltr'><strong>penderetm;</strong></span> <span class='ocrx_word' id='word_1_153' title='bbox 998 2205 1102 2269; x_wconf 89' lang='lat' dir='ltr'><strong>Hunnia</strong></span> <span class='ocrx_word' id='word_1_154' title='bbox 1121 2228 1191 2271; x_wconf 86' lang='lat' dir='ltr'><strong>roro</strong></span> <span class='ocrx_word' id='word_1_155' title='bbox 1210 2208 1241 2274; x_wconf 92' lang='lat' dir='ltr'><strong>in</strong></span> 
     </span>
     <span class='ocr_line' id='line_1_20' title="bbox 134 2303 1239 2393; baseline 0.005 -24"><span class='ocrx_word' id='word_1_156' title='bbox 134 2303 208 2369; x_wconf 82' lang='lat' dir='ltr'><strong>bees</strong></span> <span class='ocrx_word' id='word_1_157' title='bbox 228 2305 414 2370; x_wconf 82' lang='lat' dir='ltr'><strong>Romanorum</strong></span> <span class='ocrx_word' id='word_1_158' title='bbox 438 2316 575 2391; x_wconf 89' lang='lat' dir='ltr'><strong>perpetuo</strong></span> <span class='ocrx_word' id='word_1_159' title='bbox 602 2304 808 2371; x_wconf 84' lang='lat' dir='ltr'><strong>excurrentibus</strong></span> <span class='ocrx_word' id='word_1_160' title='bbox 831 2304 1104 2393; x_wconf 77' lang='lat' dir='ltr'><strong>magnificentissima</strong></span> <span class='ocrx_word' id='word_1_161' title='bbox 1124 2330 1239 2379; x_wconf 87' lang='lat' dir='ltr'><strong>manera</strong></span> 
     </span>
     <span class='ocr_line' id='line_1_21' title="bbox 135 2405 1238 2495; baseline 0.006 -26"><span class='ocrx_word' id='word_1_162' title='bbox 135 2426 188 2493; x_wconf 90' lang='lat' dir='ltr'><strong>per</strong></span> <span class='ocrx_word' id='word_1_163' title='bbox 206 2405 335 2494; x_wconf 79' lang='lat' dir='ltr'><strong>singulos</strong></span> <span class='ocrx_word' id='word_1_164' title='bbox 358 2428 446 2471; x_wconf 85' lang='lat' dir='ltr'><strong>annos</strong></span> <span class='ocrx_word' id='word_1_165' title='bbox 465 2408 603 2473; x_wconf 69' lang='lat' dir='ltr'><strong>dmentem</strong></span> <span class='ocrx_word' id='word_1_166' title='bbox 645 2405 773 2491; x_wconf 86' lang='lat' dir='ltr'><strong>Denique</strong></span> <span class='ocrx_word' id='word_1_167' title='bbox 798 2407 991 2495; x_wconf 87' lang='lat' dir='ltr'><strong>intempestiva</strong></span> <span class='ocrx_word' id='word_1_168' title='bbox 1018 2430 1130 2476; x_wconf 84' lang='lat' dir='ltr'><strong>reorum</strong></span> <span class='ocrx_word' id='word_1_169' title='bbox 1152 2410 1238 2475; x_wconf 83' lang='lat' dir='ltr'><strong>indul·</strong></span> 
     </span>
    </p>
   </div>
   <div class='ocr_carea' id='block_1_3' title="bbox 133 2506 1239 2799">
    <p class='ocr_par' dir='ltr' id='par_1_4' title="bbox 133 2506 1239 2799">
     <span class='ocr_line' id='line_1_22' title="bbox 133 2506 1239 2605; baseline 0.006 -33"><span class='ocrx_word' id='word_1_170' title='bbox 133 2506 250 2595; x_wconf 80' lang='lat' dir='ltr'><strong>gentiu,</strong></span> <span class='ocrx_word' id='word_1_171' title='bbox 270 2509 433 2593; x_wconf 86' lang='lat' dir='ltr'><strong>praesertim</strong></span> <span class='ocrx_word' id='word_1_172' title='bbox 447 2509 545 2573; x_wconf 86' lang='lat' dir='ltr'><strong>dacum</strong></span> <span class='ocrx_word' id='word_1_173' title='bbox 558 2506 712 2583; x_wconf 85' lang='lat' dir='ltr'><strong>exercitus,</strong></span> <span class='ocrx_word' id='word_1_174' title='bbox 742 2530 915 2605; x_wconf 78' lang='lat' dir='ltr'><strong>magnopere</strong></span> <span class='ocrx_word' id='word_1_175' title='bbox 929 2509 1104 2575; x_wconf 87' lang='lat' dir='ltr'><strong>lustinianam</strong></span> <span class='ocrx_word' id='word_1_176' title='bbox 1115 2512 1239 2579; x_wconf 77' lang='lat' dir='ltr'><strong>obfuisse</strong></span> 
     </span>
     <span class='ocr_line' id='line_1_23' title="bbox 133 2603 1238 2709; baseline 0.005 -32"><span class='ocrx_word' id='word_1_177' title='bbox 133 2608 326 2709; x_wconf 66' lang='lat' dir='ltr'><strong>Reipublicae.</strong></span> <span class='ocrx_word' id='word_1_178' title='bbox 380 2612 501 2677; x_wconf 69' lang='grc' dir='ltr'><strong><em>Εἰώθει</em></strong></span> <span class='ocrx_word' id='word_1_179' title='bbox 526 2608 589 2695; x_wconf 78' lang='lat' dir='ltr'><strong>yrlq.</strong></span> <span class='ocrx_word' id='word_1_180' title='bbox 612 2603 821 2686; x_wconf 75' lang='grc' dir='ltr'><strong><em>Ἰοοοτινιονός</em></strong></span> <span class='ocrx_word' id='word_1_181' title='bbox 847 2611 988 2695; x_wconf 61' lang='lat' dir='ltr'><strong>peruror</strong></span> <span class='ocrx_word' id='word_1_182' title='bbox 1011 2615 1170 2700; x_wconf 73' lang='grc' dir='ltr'><strong><em>ἐπιχωρεῖν</em></strong></span> <span class='ocrx_word' id='word_1_183' title='bbox 1199 2616 1238 2683; x_wconf 75' lang='lat' dir='ltr'><strong>ut</strong></span> 
     </span>
     <span class='ocr_line' id='line_1_24' title="bbox 135 2708 1238 2799; baseline 0.003 -22"><span class='ocrx_word' id='word_1_184' title='bbox 135 2710 235 2777; x_wconf 70' lang='lat' dir='ltr'><strong>mellei</strong></span> <span class='ocrx_word' id='word_1_185' title='bbox 256 2720 320 2789; x_wconf 75' lang='grc' dir='ltr'><strong><em>τοῖς</em></strong></span> <span class='ocrx_word' id='word_1_186' title='bbox 352 2711 496 2797; x_wconf 72' lang='grc' dir='ltr'><strong><em>ἄρχουσιν</em></strong></span> <span class='ocrx_word' id='word_1_187' title='bbox 535 2708 762 2797; x_wconf 69' lang='grc' dir='ltr'><strong>ἁμαρτάνωσι,</strong></span> <span class='ocrx_word' id='word_1_188' title='bbox 794 2714 848 2778; x_wconf 75' lang='lat' dir='ltr'><strong>recl</strong></span> <span class='ocrx_word' id='word_1_189' title='bbox 874 2710 924 2779; x_wconf 75' lang='grc' dir='ltr'><strong>ἄνι’</strong></span> <span class='ocrx_word' id='word_1_190' title='bbox 944 2712 1041 2783; x_wconf 67' lang='lat' dir='ltr'><strong>sorori</strong></span> <span class='ocrx_word' id='word_1_191' title='bbox 1062 2716 1095 2793; x_wconf 60' lang='lat' dir='ltr'><strong>te</strong></span> <span class='ocrx_word' id='word_1_192' title='bbox 1124 2741 1156 2784; x_wconf 84' lang='lat' dir='ltr'><strong>rs</strong></span> <span class='ocrx_word' id='word_1_193' title='bbox 1180 2715 1238 2799; x_wconf 66' lang='grc' dir='ltr'><strong>τήν</strong></span> 
     </span>
    </p>
   </div>
   <div class='ocr_carea' id='block_1_4' title="bbox 133 2813 1365 3719">
    <p class='ocr_par' dir='ltr' id='par_1_5' title="bbox 133 2813 1240 3102">
     <span class='ocr_line' id='line_1_25' title="bbox 135 2813 1240 2901; baseline 0.005 -22"><span class='ocrx_word' id='word_1_194' title='bbox 135 2816 273 2893; x_wconf 72' lang='grc' dir='ltr'><strong>δίαιταν,</strong></span> <span class='ocrx_word' id='word_1_195' title='bbox 289 2816 343 2881; x_wconf 73' lang='lat' dir='ltr'><strong>rat</strong></span> <span class='ocrx_word' id='word_1_196' title='bbox 363 2813 421 2897; x_wconf 74' lang='grc' dir='ltr'><strong>τήν</strong></span> <span class='ocrx_word' id='word_1_197' title='bbox 440 2820 595 2881; x_wconf 70' lang='grc' dir='ltr'><strong><em>πολιτείαν</em></strong></span> <span class='ocrx_word' id='word_1_198' title='bbox 615 2817 649 2883; x_wconf 78' lang='lat' dir='ltr'><strong>irc</strong></span> <span class='ocrx_word' id='word_1_199' title='bbox 673 2820 732 2881; x_wconf 81' lang='lat' dir='ltr'><strong>cosi</strong></span> <span class='ocrx_word' id='word_1_200' title='bbox 754 2814 807 2880; x_wconf 71' lang='lat' dir='ltr'><strong>tat</strong></span> <span class='ocrx_word' id='word_1_201' title='bbox 834 2822 974 2881; x_wconf 70' lang='lat' dir='ltr'><strong>altiores</strong></span> <span class='ocrx_word' id='word_1_202' title='bbox 994 2824 1240 2901; x_wconf 75' lang='grc' dir='ltr'><strong><em>παρανομοῦντες</em></strong></span> 
     </span>
     <span class='ocr_line' id='line_1_26' title="bbox 135 2915 1239 3003; baseline 0.001 -20"><span class='ocrx_word' id='word_1_203' title='bbox 135 2916 305 2999; x_wconf 66' lang='grc' dir='ltr'><strong>ἡλίσκοντο.</strong></span> <span class='ocrx_word' id='word_1_204' title='bbox 365 2920 541 2983; x_wconf 68' lang='grc' dir='ltr'><strong><em>ΰοοιοιοοιοῐ</em></strong></span> <span class='ocrx_word' id='word_1_205' title='bbox 573 2924 659 2995; x_wconf 70' lang='lat' dir='ltr'><strong>cerr,</strong></span> <span class='ocrx_word' id='word_1_206' title='bbox 701 2915 804 3003; x_wconf 89' lang='lat' dir='ltr'><strong>inquit,</strong></span> <span class='ocrx_word' id='word_1_207' title='bbox 839 2918 1010 2982; x_wconf 68' lang='lat' dir='ltr'><strong>lectarum</strong></span> <span class='ocrx_word' id='word_1_208' title='bbox 1034 2920 1181 3001; x_wconf 79' lang='lat' dir='ltr'><strong>Imperator</strong></span> <span class='ocrx_word' id='word_1_209' title='bbox 1207 2930 1239 2985; x_wconf 85' lang='lat' dir='ltr'><strong>ut</strong></span> 
     </span>
     <span class='ocr_line' id='line_1_27' title="bbox 133 3021 1238 3102; baseline 0.001 -18"><span class='ocrx_word' id='word_1_210' title='bbox 133 3021 278 3101; x_wconf 58' lang='lat' dir='ltr'><strong>plemen</strong></span> <span class='ocrx_word' id='word_1_211' title='bbox 312 3026 425 3085; x_wconf 73' lang='lat' dir='ltr'><strong>marera</strong></span> <span class='ocrx_word' id='word_1_212' title='bbox 463 3028 596 3101; x_wconf 72' lang='lat' dir='ltr'><strong>ignescere</strong></span> <span class='ocrx_word' id='word_1_213' title='bbox 628 3022 738 3083; x_wconf 67' lang='lat' dir='ltr'><strong>mutas</strong></span> <span class='ocrx_word' id='word_1_214' title='bbox 765 3026 897 3082; x_wconf 66' lang='lat' dir='ltr'><strong>mettas</strong></span> <span class='ocrx_word' id='word_1_215' title='bbox 925 3023 1151 3102; x_wconf 76' lang='lat' dir='ltr'><strong>delinquentibus:</strong></span> <span class='ocrx_word' id='word_1_216' title='bbox 1190 3032 1238 3085; x_wconf 88' lang='lat' dir='ltr'><strong>et-</strong></span> 
     </span>
    </p>

    <p class='ocr_par' dir='ltr' id='par_1_6' title="bbox 139 3124 1240 3206">
     <span class='ocr_line' id='line_1_28' title="bbox 139 3124 1240 3206; baseline 0.002 -21"><span class='ocrx_word' id='word_1_217' title='bbox 139 3144 189 3205; x_wconf 81' lang='lat' dir='ltr'><strong>qsc</strong></span> <span class='ocrx_word' id='word_1_218' title='bbox 215 3125 278 3185; x_wconf 84' lang='lat' dir='ltr'><strong>lscc</strong></span> <span class='ocrx_word' id='word_1_219' title='bbox 312 3144 398 3187; x_wconf 77' lang='lat' dir='ltr'><strong>rcere</strong></span> <span class='ocrx_word' id='word_1_220' title='bbox 431 3132 507 3200; x_wconf 68' lang='lat' dir='ltr'><strong>mut,</strong></span> <span class='ocrx_word' id='word_1_221' title='bbox 548 3126 712 3205; x_wconf 66' lang='lat' dir='ltr'><strong>pronomen</strong></span> <span class='ocrx_word' id='word_1_222' title='bbox 735 3124 782 3185; x_wconf 70' lang='lat' dir='ltr'><strong>sill</strong></span> <span class='ocrx_word' id='word_1_223' title='bbox 802 3143 861 3187; x_wconf 82' lang='lat' dir='ltr'><strong>esar</strong></span> <span class='ocrx_word' id='word_1_224' title='bbox 886 3129 918 3185; x_wconf 85' lang='lat' dir='ltr'><strong>r&#39;o</strong></span> <span class='ocrx_word' id='word_1_225' title='bbox 940 3125 1111 3206; x_wconf 76' lang='lat' dir='ltr'><strong>discplinam</strong></span> <span class='ocrx_word' id='word_1_226' title='bbox 1135 3126 1240 3187; x_wconf 75' lang='lat' dir='ltr'><strong>milito·</strong></span> 
     </span>
    </p>

    <p class='ocr_par' dir='ltr' id='par_1_7' title="bbox 137 3225 1250 3316">
     <span class='ocr_line' id='line_1_29' title="bbox 137 3225 1250 3316; baseline 0.004 -30"><span class='ocrx_word' id='word_1_227' title='bbox 137 3246 190 3287; x_wconf 80' lang='grc' dir='ltr'><strong>ιιι</strong></span> <span class='ocrx_word' id='word_1_228' title='bbox 195 3270 208 3299; x_wconf 89' lang='grc'><strong><em>,</em></strong></span> <span class='ocrx_word' id='word_1_229' title='bbox 228 3232 285 3286; x_wconf 72' lang='lat' dir='ltr'><strong>ten</strong></span> <span class='ocrx_word' id='word_1_230' title='bbox 306 3230 338 3285; x_wconf 85' lang='lat' dir='ltr'><strong>r‘rr</strong></span> <span class='ocrx_word' id='word_1_231' title='bbox 358 3227 562 3307; x_wconf 82' lang='lat' dir='ltr'><strong>chrpullr&#39;com</strong></span> <span class='ocrx_word' id='word_1_232' title='bbox 583 3231 742 3305; x_wconf 76' lang='lat' dir='ltr'><strong>gravissime</strong></span> <span class='ocrx_word' id='word_1_233' title='bbox 759 3246 868 3306; x_wconf 77' lang='lat' dir='ltr'><strong>penem</strong></span> <span class='ocrx_word' id='word_1_234' title='bbox 880 3227 1140 3307; x_wconf 65' lang='grc' dir='ltr'><strong><em>ἀῳιώοιοιτοιιον.</em></strong></span> <span class='ocrx_word' id='word_1_235' title='bbox 1181 3225 1250 3316; x_wconf 48' lang='lat' dir='ltr'><strong>Veg</strong></span> 
     </span>
    </p>

    <p class='ocr_par' dir='ltr' id='par_1_8' title="bbox 135 3325 1365 3613">
     <span class='ocr_line' id='line_1_30' title="bbox 137 3325 1239 3413; baseline -0.002 -22"><span class='ocrx_word' id='word_1_236' title='bbox 137 3349 198 3391; x_wconf 85' lang='lat' dir='ltr'><strong>rum</strong></span> <span class='ocrx_word' id='word_1_237' title='bbox 219 3346 255 3389; x_wconf 91' lang='lat' dir='ltr'><strong>ne</strong></span> <span class='ocrx_word' id='word_1_238' title='bbox 280 3326 391 3413; x_wconf 74' lang='lat' dir='ltr'><strong>magula</strong></span> <span class='ocrx_word' id='word_1_239' title='bbox 414 3328 584 3391; x_wconf 83' lang='lat' dir='ltr'><strong>numerando</strong></span> <span class='ocrx_word' id='word_1_240' title='bbox 604 3327 714 3391; x_wconf 88' lang='lat' dir='ltr'><strong>medum</strong></span> <span class='ocrx_word' id='word_1_241' title='bbox 738 3326 880 3391; x_wconf 80' lang='lat' dir='ltr'><strong>excedere</strong></span> <span class='ocrx_word' id='word_1_242' title='bbox 905 3325 1063 3401; x_wconf 85' lang='lat' dir='ltr'><strong>videamur,</strong></span> <span class='ocrx_word' id='word_1_243' title='bbox 1095 3325 1239 3390; x_wconf 80' lang='lat' dir='ltr'><strong>historiam</strong></span> 
     </span>
     <span class='ocr_line' id='line_1_31' title="bbox 135 3425 1365 3515; baseline -0.007 -19"><span class='ocrx_word' id='word_1_244' title='bbox 135 3425 329 3506; x_wconf 67' lang='grc' dir='ltr'><strong><em>Ἀνὰδοτον,</em></strong></span> <span class='ocrx_word' id='word_1_245' title='bbox 356 3441 386 3494; x_wconf 88' lang='lat' dir='ltr'><strong>et</strong></span> <span class='ocrx_word' id='word_1_246' title='bbox 410 3428 519 3515; x_wconf 86' lang='lat' dir='ltr'><strong>priores</strong></span> <span class='ocrx_word' id='word_1_247' title='bbox 539 3429 603 3493; x_wconf 89' lang='lat' dir='ltr'><strong>illos</strong></span> <span class='ocrx_word' id='word_1_248' title='bbox 628 3428 730 3504; x_wconf 89' lang='lat' dir='ltr'><strong>libros,</strong></span> <span class='ocrx_word' id='word_1_249' title='bbox 756 3450 827 3514; x_wconf 91' lang='lat' dir='ltr'><strong>quos</strong></span> <span class='ocrx_word' id='word_1_250' title='bbox 849 3428 996 3495; x_wconf 85' lang='lat' dir='ltr'><strong>lustiniano</strong></span> <span class='ocrx_word' id='word_1_251' title='bbox 1016 3426 1167 3512; x_wconf 88' lang='lat' dir='ltr'><strong>Procopius</strong></span> <span class='ocrx_word' id='word_1_252' title='bbox 1187 3426 1238 3490; x_wconf 91' lang='lat' dir='ltr'><strong>ob·</strong></span> <span class='ocrx_word' id='word_1_253' title='bbox 1359 3496 1365 3504; x_wconf 52' lang='lat'><strong>,</strong></span> 
     </span>
     <span class='ocr_line' id='line_1_32' title="bbox 135 3524 1238 3613; baseline -0.003 -18"><span class='ocrx_word' id='word_1_254' title='bbox 135 3530 250 3609; x_wconf 85' lang='lat' dir='ltr'><strong>tulerat,</strong></span> <span class='ocrx_word' id='word_1_255' title='bbox 273 3532 313 3595; x_wconf 86' lang='lat' dir='ltr'><strong>itu</strong></span> <span class='ocrx_word' id='word_1_256' title='bbox 338 3530 518 3598; x_wconf 89' lang='lat' dir='ltr'><strong>concinnasse</strong></span> <span class='ocrx_word' id='word_1_257' title='bbox 544 3524 668 3608; x_wconf 74' lang='lat' dir='ltr'><strong>indetur,</strong></span> <span class='ocrx_word' id='word_1_258' title='bbox 695 3541 723 3595; x_wconf 90' lang='lat' dir='ltr'><strong>ut</strong></span> <span class='ocrx_word' id='word_1_259' title='bbox 742 3528 812 3593; x_wconf 88' lang='lat' dir='ltr'><strong>nihil</strong></span> <span class='ocrx_word' id='word_1_260' title='bbox 834 3529 895 3594; x_wconf 82' lang='lat' dir='ltr'><strong>iere</strong></span> <span class='ocrx_word' id='word_1_261' title='bbox 916 3530 943 3593; x_wconf 87' lang='lat' dir='ltr'><strong>iu</strong></span> <span class='ocrx_word' id='word_1_262' title='bbox 967 3529 1022 3594; x_wconf 91' lang='lat' dir='ltr'><strong>bnc</strong></span> <span class='ocrx_word' id='word_1_263' title='bbox 1039 3529 1091 3605; x_wconf 83' lang='lat' dir='ltr'><strong>sit,</strong></span> <span class='ocrx_word' id='word_1_264' title='bbox 1113 3527 1186 3613; x_wconf 91' lang='lat' dir='ltr'><strong>qnod</strong></span> <span class='ocrx_word' id='word_1_265' title='bbox 1200 3548 1238 3592; x_wconf 84' lang='lat' dir='ltr'><strong>ex</strong></span> 
     </span>
    </p>

    <p class='ocr_par' dir='ltr' id='par_1_9' title="bbox 135 3631 988 3719">
     <span class='ocr_line' id='line_1_33' title="bbox 135 3631 988 3719; baseline -0.004 -22"><span class='ocrx_word' id='word_1_266' title='bbox 135 3632 193 3697; x_wconf 85' lang='lat' dir='ltr'><strong>illis</strong></span> <span class='ocrx_word' id='word_1_267' title='bbox 211 3632 352 3697; x_wconf 83' lang='lat' dir='ltr'><strong>Iustiniani</strong></span> <span class='ocrx_word' id='word_1_268' title='bbox 369 3632 454 3718; x_wconf 85' lang='lat' dir='ltr'><strong>ipsius</strong></span> <span class='ocrx_word' id='word_1_269' title='bbox 474 3631 649 3699; x_wconf 81' lang='lat' dir='ltr'><strong>confossione</strong></span> <span class='ocrx_word' id='word_1_270' title='bbox 670 3631 793 3719; x_wconf 87' lang='lat' dir='ltr'><strong>probare</strong></span> <span class='ocrx_word' id='word_1_271' title='bbox 812 3654 869 3695; x_wconf 94' lang='lat' dir='ltr'><strong>uou</strong></span> <span class='ocrx_word' id='word_1_272' title='bbox 889 3631 988 3717; x_wconf 84' lang='lat' dir='ltr'><strong>possis.</strong></span> 
     </span>
    </p>
   </div>
   <div class='ocr_carea' id='block_1_5' title="bbox 132 3747 1336 4447">
    <p class='ocr_par' dir='ltr' id='par_1_10' title="bbox 132 3747 1336 4447">
     <span class='ocr_line' id='line_1_34' title="bbox 219 3747 1237 3837; baseline -0.005 -20"><span class='ocrx_word' id='word_1_273' title='bbox 219 3752 260 3817; x_wconf 86' lang='lat' dir='ltr'><strong>lte</strong></span> <span class='ocrx_word' id='word_1_274' title='bbox 280 3773 366 3829; x_wconf 90' lang='lat' dir='ltr'><strong>saue,</strong></span> <span class='ocrx_word' id='word_1_275' title='bbox 397 3749 519 3837; x_wconf 85' lang='lat' dir='ltr'><strong>inquies,</strong></span> <span class='ocrx_word' id='word_1_276' title='bbox 549 3763 577 3816; x_wconf 91' lang='lat' dir='ltr'><strong>at</strong></span> <span class='ocrx_word' id='word_1_277' title='bbox 598 3772 680 3817; x_wconf 88' lang='lat' dir='ltr'><strong>nemo</strong></span> <span class='ocrx_word' id='word_1_278' title='bbox 702 3764 765 3827; x_wconf 86' lang='lat' dir='ltr'><strong>est,</strong></span> <span class='ocrx_word' id='word_1_279' title='bbox 792 3748 840 3837; x_wconf 89' lang='lat' dir='ltr'><strong>qui</strong></span> <span class='ocrx_word' id='word_1_280' title='bbox 858 3769 915 3813; x_wconf 89' lang='lat' dir='ltr'><strong>non</strong></span> <span class='ocrx_word' id='word_1_281' title='bbox 939 3747 1033 3814; x_wconf 84' lang='lat' dir='ltr'><strong>rideat</strong></span> <span class='ocrx_word' id='word_1_282' title='bbox 1052 3747 1132 3815; x_wconf 84' lang='lat' dir='ltr'><strong>brim</strong></span> <span class='ocrx_word' id='word_1_283' title='bbox 1151 3747 1237 3813; x_wconf 84' lang='lat' dir='ltr'><strong>histo·</strong></span> 
     </span>
     <span class='ocr_line' id='line_1_35' title="bbox 135 3848 1336 3939; baseline -0.002 -22"><span class='ocrx_word' id='word_1_284' title='bbox 135 3854 198 3917; x_wconf 79' lang='lat' dir='ltr'><strong>riae</strong></span> <span class='ocrx_word' id='word_1_285' title='bbox 217 3853 414 3931; x_wconf 81' lang='lat' dir='ltr'><strong>acerbitatem,</strong></span> <span class='ocrx_word' id='word_1_286' title='bbox 436 3874 509 3939; x_wconf 87' lang='lat' dir='ltr'><strong>quae</strong></span> <span class='ocrx_word' id='word_1_287' title='bbox 528 3865 558 3917; x_wconf 87' lang='lat' dir='ltr'><strong>ut</strong></span> <span class='ocrx_word' id='word_1_288' title='bbox 578 3852 802 3919; x_wconf 80' lang='lat' dir='ltr'><strong>malevolentiam</strong></span> <span class='ocrx_word' id='word_1_289' title='bbox 821 3850 942 3924; x_wconf 89' lang='lat' dir='ltr'><strong>subolet,</strong></span> <span class='ocrx_word' id='word_1_290' title='bbox 961 3848 999 3915; x_wconf 87' lang='lat' dir='ltr'><strong>ita</strong></span> <span class='ocrx_word' id='word_1_291' title='bbox 1019 3852 1128 3915; x_wconf 82' lang='lat' dir='ltr'><strong>veritati</strong></span> <span class='ocrx_word' id='word_1_292' title='bbox 1146 3851 1236 3915; x_wconf 83' lang='lat' dir='ltr'><strong>detra·</strong></span> <span class='ocrx_word' id='word_1_293' title='bbox 1332 3917 1336 3925; x_wconf 69' lang='grc'>,</span> 
     </span>
     <span class='ocr_line' id='line_1_36' title="bbox 134 3951 1235 4043; baseline -0.005 -22"><span class='ocrx_word' id='word_1_294' title='bbox 134 3956 209 4021; x_wconf 89' lang='lat' dir='ltr'><strong>bere</strong></span> <span class='ocrx_word' id='word_1_295' title='bbox 229 3956 287 4021; x_wconf 87' lang='lat' dir='ltr'><strong>iure</strong></span> <span class='ocrx_word' id='word_1_296' title='bbox 308 3968 409 4043; x_wconf 88' lang='lat' dir='ltr'><strong>potest.</strong></span> <span class='ocrx_word' id='word_1_297' title='bbox 454 3956 527 4020; x_wconf 88' lang='lat' dir='ltr'><strong>Nem</strong></span> <span class='ocrx_word' id='word_1_298' title='bbox 548 3955 765 4043; x_wconf 87' lang='lat' dir='ltr'><strong>primoquidem</strong></span> <span class='ocrx_word' id='word_1_299' title='bbox 785 3953 916 4019; x_wconf 85' lang='lat' dir='ltr'><strong>nonnulla</strong></span> <span class='ocrx_word' id='word_1_300' title='bbox 933 3951 1073 4017; x_wconf 86' lang='lat' dir='ltr'><strong>lustiuiaui</strong></span> <span class='ocrx_word' id='word_1_301' title='bbox 1094 3953 1168 4019; x_wconf 87' lang='lat' dir='ltr'><strong>lacta</strong></span> <span class='ocrx_word' id='word_1_302' title='bbox 1187 3952 1235 4015; x_wconf 81' lang='lat' dir='ltr'><strong>cle·</strong></span> 
     </span>
     <span class='ocr_line' id='line_1_37' title="bbox 134 4053 1237 4144; baseline -0.006 -21"><span class='ocrx_word' id='word_1_303' title='bbox 134 4058 270 4123; x_wconf 84' lang='lat' dir='ltr'><strong>terierem</strong></span> <span class='ocrx_word' id='word_1_304' title='bbox 296 4060 451 4143; x_wconf 58' lang='lat' dir='ltr'><strong>importem</strong></span> <span class='ocrx_word' id='word_1_305' title='bbox 479 4070 596 4144; x_wconf 87' lang='lat' dir='ltr'><strong>accepta</strong></span> <span class='ocrx_word' id='word_1_306' title='bbox 615 4058 734 4122; x_wconf 87' lang='lat' dir='ltr'><strong>animum</strong></span> <span class='ocrx_word' id='word_1_307' title='bbox 758 4056 870 4121; x_wconf 88' lang='lat' dir='ltr'><strong>minime</strong></span> <span class='ocrx_word' id='word_1_308' title='bbox 894 4076 1006 4129; x_wconf 88' lang='lat' dir='ltr'><strong>sanum,</strong></span> <span class='ocrx_word' id='word_1_309' title='bbox 1035 4055 1136 4119; x_wconf 83' lang='lat' dir='ltr'><strong>uelem</strong></span> <span class='ocrx_word' id='word_1_310' title='bbox 1151 4053 1237 4118; x_wconf 80' lang='lat' dir='ltr'><strong>bene</strong></span> 
     </span>
     <span class='ocr_line' id='line_1_38' title="bbox 134 4152 1236 4247; baseline -0.009 -22"><span class='ocrx_word' id='word_1_311' title='bbox 134 4161 228 4227; x_wconf 83' lang='lat' dir='ltr'><strong>rolnm</strong></span> <span class='ocrx_word' id='word_1_312' title='bbox 247 4160 390 4247; x_wconf 88' lang='lat' dir='ltr'><strong>scriptoris</strong></span> <span class='ocrx_word' id='word_1_313' title='bbox 411 4160 564 4227; x_wconf 87' lang='lat' dir='ltr'><strong>ostendunt.</strong></span> <span class='ocrx_word' id='word_1_314' title='bbox 617 4160 728 4225; x_wconf 87' lang='lat' dir='ltr'><strong>Deinde</strong></span> <span class='ocrx_word' id='word_1_315' title='bbox 748 4160 912 4225; x_wconf 86' lang='lat' dir='ltr'><strong>documenta</strong></span> <span class='ocrx_word' id='word_1_316' title='bbox 931 4156 1053 4221; x_wconf 82' lang='lat' dir='ltr'><strong>studiose</strong></span> <span class='ocrx_word' id='word_1_317' title='bbox 1077 4152 1236 4239; x_wconf 86' lang='lat' dir='ltr'><strong>conquisita,</strong></span> 
     </span>
     <span class='ocr_line' id='line_1_39' title="bbox 132 4250 1306 4351; baseline -0.009 -20"><span class='ocrx_word' id='word_1_318' title='bbox 132 4262 230 4351; x_wconf 72' lang='lat' dir='ltr'><strong>quine</strong></span> <span class='ocrx_word' id='word_1_319' title='bbox 251 4284 413 4349; x_wconf 84' lang='lat' dir='ltr'><strong>persuasum</strong></span> <span class='ocrx_word' id='word_1_320' title='bbox 439 4262 474 4329; x_wconf 86' lang='lat' dir='ltr'><strong>sit</strong></span> <span class='ocrx_word' id='word_1_321' title='bbox 499 4262 697 4331; x_wconf 85' lang='lat' dir='ltr'><strong>semihomines</strong></span> <span class='ocrx_word' id='word_1_322' title='bbox 717 4262 803 4331; x_wconf 76' lang='lat' dir='ltr'><strong>surim</strong></span> <span class='ocrx_word' id='word_1_323' title='bbox 822 4260 998 4332; x_wconf 76' lang='lat' dir='ltr'><strong>lastinianum</strong></span> <span class='ocrx_word' id='word_1_324' title='bbox 1011 4281 1047 4323; x_wconf 86' lang='lat' dir='ltr'><strong>ec</strong></span> <span class='ocrx_word' id='word_1_325' title='bbox 1059 4257 1239 4345; x_wconf 77' lang='lat' dir='ltr'><strong>Theodoram</strong></span> <span class='ocrx_word' id='word_1_326' title='bbox 1299 4250 1306 4259; x_wconf 83' lang='lat'><em>&#39;</em></span> 
     </span>
     <span class='ocr_line' id='line_1_40' title="bbox 174 4353 1031 4447; baseline -0.008 -17"><span class='ocrx_word' id='word_1_327' title='bbox 174 4374 319 4447; x_wconf 62' lang='lat' dir='ltr'><strong>amaru·</strong></span> <span class='ocrx_word' id='word_1_328' title='bbox 339 4353 406 4429; x_wconf 63' lang='lat' dir='ltr'><strong>nr!</strong></span> <span class='ocrx_word' id='word_1_329' title='bbox 615 4375 620 4384; x_wconf 93' lang='lat'><strong>·</strong></span> <span class='ocrx_word' id='word_1_330' title='bbox 1010 4370 1031 4435; x_wconf 81' lang='lat' dir='ltr'><strong>b</strong></span> 
     </span>
    </p>
   </div>
   <div class='ocr_carea' id='block_1_6' title="bbox 0 0 1484 4792">
    <p class='ocr_par' dir='ltr' id='par_1_11' title="bbox 0 0 1484 4792">
     <span class='ocr_line' id='line_1_41' title="bbox 0 0 1484 4792; baseline 0 0"><span class='ocrx_word' id='word_1_331' title='bbox 0 0 1484 4792; x_wconf 95' lang='lat' dir='ltr'><strong> </strong></span> 
     </span>
    </p>
   </div>
  </div>
 </body>
</html>
