2959 4792
506 312 649 383 NOTAE
673 310 909 385 simillime
1177 312 1257 388 397-

150 477 321 559 Diptyclra.
361 476 494 539 Addicto
511 482 604 557 facta
621 481 762 559 Trs'sagio
778 501 854 541 num
874 477 1067 560 respuenda·
1093 482 1179 543 Duae
1199 484 1256 543 sub

149 568 318 625 Iustiniana
339 570 504 625 excitatae:
535 568 612 625 Tria
633 570 739 646 capita
761 588 783 625 a
805 568 981 627 Iustiniana
996 573 1176 648 proposita,
1198 568 1258 628 da-

151 649 311 723 mnanda,
333 673 432 712 necne.
478 650 727 729 Christi'corpua
747 672 788 710 an
811 658 1002 731 corruptioni
1023 654 1193 716 obnoxium.

235 738 271 794 Ρ.
292 738 344 811 70,
367 740 397 800 1.
449 736 488 795 Ut
505 737 694 816 paulopost
717 734 838 815 dicam]
871 736 1025 797 Ubinam‘l
1052 741 1104 797 vel
1123 742 1157 797 in
1175 738 1260 798 codi-

150 820 235 879 cibus
255 822 407 881 Vaticanis
436 820 493 880 hoc
517 820 742 881 desideramus:
771 824 821 882 vel
841 820 921 882 hanc
941 822 1102 884 historiam
1124 824 1163 883 ad
1189 845 1260 883 um-

148 907 275 965 bilicum
295 908 461 987 Procopius
485 928 547 966 non
579 906 732 987 perduxit.
775 912 881 988 Neque
895 911 985 967 'enim
1004 912 1151 969 memoria
1173 912 1260 968 exci-

150 990 230 1050 disse
259 990 455 1070 crediderim,
483 991 565 1073 quod
587 990 738 1051 dicturum
762 1011 795 1051 se
824 996 945 1077 saepius
966 999 1121 1074 promisit,
1149 999 1260 1053 iterum

148 1076 228 1135 inlra
253 1097 283 1155 p.
306 1080 365 1142 121
396 1088 426 1137 et
455 1081 615 1137 constituta
644 1098 712 1135 eam
742 1078 780 1136 ob
808 1098 874 1137 rem
895 1078 1074 1140 Christianis
1101 1082 1259 1160 supplicia,

149 1182 181 1241 p.
204 1164 244 1227 58
267 1172 298 1219 et
318 1162 391 1227 115.
433 1161 511 1223 Vide
532 1182 609 1244 quae
631 1161 670 1221 ad
690 1160 766 1221 haec
787 1166 908 1243 singula
929 1166 996 1224 loca
1017 1164 1204 1225 disserimus.
1273 1165 1349 1221 Α49

234 1248 271 1304 Ρ.
292 1247 345 1323 71,
369 1247 400 1309 8.
446 1250 534 1327 Quas
550 1250 667 1327 priscis
688 1248 807 1327 legibus
821 1249 982 1328 prohibita
1002 1262 1107 1328 essent,
1129 1254 1162 1309 in
1183 1273 1259 1309 rem·
1275 1254 1299 1307 P
1317 1254 1369 1308 125

143 1332 307 1414 publicam
330 1330 538 1412 introducere]
570 1336 606 1391 In
635 1336 767 1415 antiquis
785 1333 938 1393 mutandis
964 1337 1084 1415 legibus
1104 1338 1260 1395 levitatem

149 1418 309 1478 iustiniani
328 1418 381 1475 alii
401 1429 552 1493 notarunt,
575 1429 605 1477 et
625 1418 762 1478 Andreas
775 1421 910 1478 Alciatns
931 1419 988 1484 ll
1011 1421 1161 1502 dispunct.
1185 1442 1211 1480 c.
1226 1428 1258 1486 7.

150 1501 236 1577 Quod
258 1504 361 1561 statim
382 1502 485 1562 subdit
503 1506 669 1584 Procopius
691 1502 729 1562 de
750 1506 981 1583 magistratumn
1002 1507 1108 1567 formis
1130 1508 1258 1586 abroga-

149 1593 200 1649 tis.
243 1590 325 1667 Lege
345 1589 481 1647 novellas
501 1592 554 1653 20.
577 1591 619 1652 24
648 1599 679 1646 et
708 1587 849 1670 deinceps
878 1611 976 1672 usque
1006 1591 1045 1651 ad
1071 1595 1258 1672 trigesimam

150 1678 297 1755 primam,
331 1676 513 1733 lastinianus
533 1674 599 1753 ipse
619 1674 747 1749 fatetur3
776 1696 798 1733 a
824 1676 913 1735 nobis
932 1680 1067 1737 inventos
1088 1690 1116 1736 et
1137 1682 1171 1737 in
1188 1698 1258 1737 am·

145 1760 278 1841 pliorem
292 1758 431 1835 sormam
452 1756 592 1817 redactos
612 1762 828 1839 magistratus.
876 1763 1002 1821 Novella
1023 1768 1076 1827 29.
1103 1767 1259 1823 Praecon-

149 1845 235 1905 autes
255 1865 325 1923 ergo
346 1854 375 1901 et
387 1854 557 1924 praetores,
590 1854 618 1901 et
638 1843 860 1924 moderatores,
882 1858 975 1926 atque
995 1859 1129 1909 veterum
1149 1849 1259 1911 huius-

150 1928 237 1990 modi
257 1930 416 1988 nominum
437 1931 582 1987 maiestas
603 1950 625 1987 a
644 1930 734 1989 nobis
754 1928 923 1991 adinventa
946 1943 998 1991 est.
1047 1935 1173 1992 Novella
1197 1939 1255 1998 102
1273 1936 1299 1989 V
1315 1935 1368 1992 358

150 2016 294 2095 idemque
315 2016 424 2094 repetit
443 2014 640 2078 novella108
663 2023 692 2072 et
714 2012 814 2073 edicto
829 2014 859 2077 4.
901 2016 1094 2095 Magistratus
1115 2022 1157 2077 ait
1176 2020 1260 2076 mul-

152 2102 286 2160 tifariam
306 2111 439 2159 mutasse
458 2096 541 2179 nacci
554 2094 589 2162 sd
603 2092 698 2161 acilas
711 2096 900 2181 κεκρατηκὸς,
922 2113 1030 2160 eontra
1048 2114 1173 2163 ueterem
1191 2124 1262 2163 con·

151 2184 361 2260 suetudinem,
384 2181 520 2267 quodid
542 2204 558 2241 e
580 2185 754 2263 republica
776 2204 841 2245 esse
861 2189 984 2265 putarit.

237 2272 274 2332 P.
294 2273 355 2347 71,
378 2272 429 2334 11.
476 2270 582 2329 Statio·⁴
597 2273 842 2350 magistratuum
853 2270 973 2349 formis
993 2271 1171 2353 abrogatis]
1198 2274 1262 2331 llos

151 2358 216 2417 fere
239 2376 344 2415 omnes
368 2356 559 2417 Iustinianos
586 2357 722 2430 vocarit,
749 2353 787 2414 de
811 2357 920 2436 quibus
948 2360 1144 2440 insequenti
1172 2368 1262 2418 nota-

152 2446 235 2502 tione
257 2440 366 2500 dicam.
410 2444 568 2500 Praeterea
592 2444 810 2521 quaesitorem,
839 2450 870 2499 et
889 2452 1059 2521 praetorem
1078 2444 1177 2523 plebis
1204 2440 1262 2500 ad-

153 2526 231 2587 didit
253 2526 293 2586 ad
313 2528 505 2605 magistratum
525 2526 673 2601 urbun0s3
694 2528 763 2606 lege
784 2526 896 2585 novell.
922 2530 959 2591 13
983 2539 1014 2587 et
1033 2531 1085 2592 80.

237 2614 274 2671 P.
288 2613 341 2687 71,
364 2615 414 2675 13.
465 2612 504 2671 Ut
524 2614 629 2670 amnia
650 2632 733 2670 nova
754 2623 783 2669 et
804 2609 917 2670 desua
938 2615 1059 2671 nomine
1080 2610 1261 2690 dicerentur]

152 2700 288 2772 Quatuor
308 2698 396 2756 urbes
418 2694 456 2755 de
470 2698 628 2755 Iustiniani
649 2699 773 2756 nomine
794 2708 916 2757 vocatas
935 2700 1077 2758 nonnulli
1095 2710 1262 2771 recensent,

153 2784 247 2866 idque
276 2784 371 2841 nimia
397 2779 520 2842 honoris
550 2780 713 2861 cupiditate
739 2802 757 2839 a
785 2785 961 2862 gravissimo
990 2785 1126 2864 principe
1148 2785 1263 2841 factum

152 2872 317 2943 mirantur3
348 2866 422 2948 quid
442 2870 469 2926 si
489 2869 579 2945 longe
600 2865 726 2947 plures'l
760 2888 795 2925 ac
815 2878 969 2947 praeterea
993 2866 1120 2948 oppida,
1144 2868 1261 2942 domos,

153 2956 266 3029 libros,
288 2950 448 3027 scholares,
469 2956 671 3031 magistratus,
692 2954 806 3011 milites
827 2951 936 3011 eodem
955 2958 1079 3011 nomine
1100 2956 1259 3032 insignitos

151 3036 387 3100 nmnerassent'l
409 3036 578 3097 Duodecim
597 3037 687 3097 nrbes
708 3038 746 3096 ab
768 3037 944 3097 Alexandro
965 3037 1130 3097 Macedone
1152 3036 1259 3097 condi-

152 3138 201 3185 tas
227 3144 262 3183 ac
283 3122 321 3182 de
342 3124 425 3183 illius
445 3126 569 3183 nomine
592 3122 686 3181 dictas
715 3134 802 3182 autor
825 3122 960 3183 chronici
980 3121 1180 3184 Alexandrini
1208 3144 1260 3182 re-

152 3212 229 3287 fert3
253 3220 285 3270 et
303 3207 386 3269 huuc
404 3228 566 3269 numerum
581 3210 765 3269 iustinianus
786 3210 927 3269 excessit.

604 3367 807 3423 Uersa

151 3467 321 3530 Iustiniana
344 3465 459 3547 prima,
488 3476 577 3524 antea
597 3464 747 3524 Bederina
767 3464 926 3524 iustiniani
945 3463 1054 3544 patria.
1094 3462 1262 3542 Procopius

196 3554 219 3612 l.
240 3551 261 3616 4
281 3550 373 3611 aedit.
416 3549 528 3630 Agath.
550 3553 572 3609 l.
592 3550 612 3615 6
633 3548 705 3609 hist.

151 3641 320 3699 Iustiniana
347 3636 498 3740 secunda,
531 3637 605 3696 clim
626 3638 756 3716 Ulpiana
783 3632 865 3715 apud
891 3629 1049 3691 Dardanos
1076 3634 1263 3713 Europaeos.

152 3721 427 3887 Iusliihlihhli,lllhdsl
448 3805 613 3866 debellatos
635 3802 797 3881 Vandalos,
819 3803 971 3884 appellata
993 3812 1040 3862 est
1060 3799 1211 3882 Carthago
1231 3804 1265 3860 in

196 3896 309 3953 Africa.
351 3893 469 3952 Novell.
492 3894 564 3956 181.

152 3982 320 4039 Iustiniana
341 3980 374 4079 in
393 3979 549 4081 provincia
569 3979 740 4057 Byzacena,
762 3973 838 4033 olim
857 3971 1054 4033 Adrumetus.
1095 3972 1262 4051 Procopius

152 4062 381 4211 Iuiiinfiiadddirl
395 4150 518 4226 regione
537 4148 655 4221 Larice,
678 4155 766 4205 antea
783 4147 926 4203 Petrenm
943 4140 1033 4201 dictu
1075 4139 1262 4202 reveunt.

152 4238 319 4381 lmrliiiiita
331 4237 373 4386 8ip
393 4235 537 4294 menia
557 4234 711 4309 interiore,
733 4232 808 4292 olim
823 4230 962 4308 amau,
984 4248 1039 4290 seu
1055 4226 1261 4305 Leontopolis.
