2959 4792
264 412 340 487 364
614 413 660 480 ΙΝ
683 411 795 481 fflsr.
817 412 1014 479 auctorat

263 582 451 644 Glossarium
471 579 746 640 Graecobarbamm
770 576 929 639 confundit
956 598 1026 641 oum
1053 577 1113 640 alio
1142 579 1364 660 curapalatii,

263 669 303 729 de
332 689 390 750 quo
417 665 611 728 Cassiodorus
639 667 662 726 1.
683 670 722 742 7,
750 667 821 728 Var.
843 666 930 751 epist.
952 666 990 744 5,
1021 667 1074 747 qui
1100 665 1231 725 fabricae
1258 667 1365 745 palatii

263 754 450 836 praepositus
472 763 544 811 erat.
586 755 627 810 Et
647 771 779 812 amorem
794 761 894 830 auget,
917 771 987 810 oum
1001 752 1085 812 illius
1105 770 1250 831 magnam
1269 752 1364 810 fuisse
1450 747 1455 760 '

265 841 442 918 dignitatem
464 835 577 896 ιιιιιιι.
599 835 680 918 quod
701 848 770 896 ants
795 856 897 916 regem
917 836 1143 898 Theodorioum
1158 857 1281 896 auream
1300 839 1365 895 vir-

264 943 336 1004 gam
354 935 474 1004 gestans
502 925 618 1003 primus
640 921 802 982 incederet.
844 924 885 981 At
904 922 1117 998 cassiodorus,
1143 923 1347 1002 priorsus,in

266 1014 350 1092 quit,
380 1012 458 1068 inter
476 1009 623 1088 obsequio
643 1029 821 1086 numerosa,
847 1004 907 1066 hoc
927 1019 990 1084 est,
1018 1027 1080 1068 non
1100 1011 1178 1067 inter
1197 1007 1366 1087 singulares

266 1107 298 1154 et
325 1096 483 1175 prunarios
511 1096 590 1154 viros
619 1096 775 1173 patricios,
804 1104 956 1152 senatores
983 1103 1014 1152 ιι
1042 1094 1224 1152 consulares.
1265 1095 1367 1150 Aruer

265 1201 337 1240 vero
359 1183 444 1259 virga
466 1189 510 1239 ιιι
534 1199 626 1260 quam
648 1177 781 1239 Codinus
807 1179 976 1241 dissolutos
998 1180 1147 1258 appellat,
1174 1175 1366 1236 interioribus

267 1268 360 1325 etiam
386 1263 540 1326 ordinibus
561 1263 684 1323 honoris
706 1283 776 1344 ergo
798 1281 953 1338 concessa3
981 1263 1074 1344 idque
1099 1284 1140 1323 ex
1160 1259 1270 1323 eodem
1291 1263 1366 1320 (las-

267 1351 379 1412 siodori
410 1351 479 1410 loco
507 1350 647 1428 colligere
675 1361 732 1410 est.
780 1347 867 1422 Quod
896 1346 1031 1409 foediore
1057 1351 1147 1430 lapsu
1173 1347 1367 1429 comprobare
1468 1406 1469 1411 ,

267 1438 373 1496 nititur
393 1455 433 1494 ex
453 1437 600 1516 Corippo.

432 1523 498 1579 Par
518 1532 624 1578 extans
645 1521 745 1595 euris,
767 1519 834 1577 solo
855 1515 1028 1578 diademate
1047 1515 1194 1598 dioporf

267 1603 331 1666 Sed
353 1603 412 1663 hoc
436 1603 474 1663 de
496 1607 555 1665 alio
578 1615 624 1664 est
643 1604 871 1683 curapalatii,
900 1603 1040 1663 ordinmn
1061 1603 1248 1664 militarisnn.
1290 1605 1368 1678 Pur,

268 1703 371 1749 autem
392 1693 499 1773 inquit,
523 1701 554 1749 et
574 1687 683 1770 dispar
702 1691 764 1748 nou
786 1691 954 1763 autoritate,
974 1709 1047 1748 nam
1066 1691 1094 1748 is
1114 1699 1178 1747 erat
1198 1688 1367 1768 praefectus

267 1775 434 1854 praetorio,
463 1785 497 1834 ut
518 1773 617 1834 dicam
646 1773 739 1854 adp
756 1777 797 1838 91
826 1772 881 1834 sed
900 1785 1038 1833 mutuam
1058 1776 1245 1833 iustiniani
1234 1793 1369 1873 tmpera-

265 1863 339 1920 toris
361 1861 618 1934 benevolentiam,
649 1870 679 1919 et
699 1861 838 1918 lustini
829 1861 953 1918 iunioris
975 1879 1016 1918 ex
1036 1879 1137 1920 sorore
1156 1861 1276 1939 nepotis
1296 1856 1367 1936 fide,

266 1955 357 2026 atque
380 1947 471 2004 etiam
493 1904 649 2024 dignitate.
690 1947 769 2004 Nam
789 1943 891 2004 subdit
911 1945 1077 2025 corippus:

472 2061 599 2076 --·
619 2031 786 2108 Dispositis
806 2051 879 2088 nam
903 2029 1018 2089 Caesar
1038 2049 1119 2092 eras.

264 2116 403 2196 Denique
432 2115 542 2190 abusu,
572 2117 625 2195 qui
644 2125 844 2195 posteaquam
866 2115 998 2174 lustinus
1026 2117 1127 2174 senior
1147 2131 1188 2171 ex
1211 2133 1248 2172 eo
1272 2109 1369 2192 gradu
1468 2112 1469 2117 ’

266 2200 305 2259 od
327 2203 487 2281 imperium
508 2199 658 2276 ascendit,
679 2202 812 2280 primum
832 2201 932 2280 coepit
951 2201 1082 2276 inolere,
1103 2209 1138 2258 ut
1157 2197 1291 2257 officium
1311 2219 1370 2256 eu-

238 2319 240 2324 ·
265 2287 428 2366 ropalotoe
451 2285 560 2365 gradus
581 2286 739 2365 proximus
768 2295 847 2344 esset
873 2283 913 2343 ad
941 2286 1061 2365 imperii
1083 2285 1244 2364 fastigium
1260 2303 1368 2363 perre-

265 2371 388 2447 uieudi;
415 2391 601 2452 quamquam
622 2373 763 2430 Caesares
789 2370 872 2449 prius
901 2371 1093 2446 emebantur,
1121 2380 1157 2428 ut
1184 2368 1223 2427 de
1244 2369 1368 2427 Tiberio

266 2459 412 2536 Gorippus
436 2459 476 2514 ait
498 2457 520 2513 l.
544 2456 565 2519 4
595 2465 625 2514 et
645 2457 678 2515 S.
699 2453 885 2534 Nicephorus
907 2453 945 2513 de
965 2457 1117 2514 Mauritio.
1160 2456 1233 2526 Quis
1254 2456 1368 2512 Iustino

266 2543 299 2598 in
324 2561 359 2600 ea
381 2539 526 2619 dignitate
548 2543 724 2600 successerit
746 2559 807 2598 non
835 2541 949 2620 liquet3
977 2539 1031 2599 sed
1056 2541 1213 2600 Iustiniani
1234 2550 1369 2618 tempore

267 2627 456 2705 curopalates
477 2626 599 2684 fuerunt
620 2623 757 2685 eiusdem
776 2636 902 2705 nepotes
922 2626 1093 2699 Marcellus,
1114 2625 1294 2699 Marcianus,
1317 2627 1370 2682 Iu-

268 2715 375 2785 stinus,
397 2709 562 2792 dequibus
583 2712 662 2769 infra
682 2711 714 2768 in
737 2711 914 2789 genealogia
934 2712 1108 2784 iustiniani3
1131 2720 1200 2789 post
1219 2713 1370 2768 Iustinum

266 2794 449 2871 Baduarius,
474 2797 630 2872 Tiberius,
661 2806 690 2855 et
711 2797 880 2855 Mauritius.
921 2793 1018 2855 Video
1040 2793 1172 2854 eruditos
1192 2797 1274 2854 viros
1296 2815 1370 2855 con-

266 2879 394 2938 fundere
410 2881 600 2960 praesectum
614 2883 901 2960 praetorianorum,
928 2882 981 2960 qui
1009 2891 1056 2940 ιιι
1075 2901 1151 2939 cura
1171 2881 1309 2960 palatii,
1334 2899 1370 2938 ac

261 2965 453 3047 praesectum
469 2969 704 3046 praetoriorum.
745 2963 809 3024 Sed
829 2965 867 3024 de
887 2963 946 3024 hoo
965 2965 1045 3023 iufra
1064 2986 1097 3045 p
1088 2967 1169 3029 91.

352 3054 387 3110 P.
408 3049 460 3126 44,
483 3051 514 3112 8
557 3054 649 3112 Senes
670 3049 849 3131 copularis]
877 3052 982 3109 Annos
1002 3060 1091 3110 natus
1111 3060 1195 3124 octo,
1224 3059 1255 3108 et
1277 3068 1370 3107 sexa-

268 3137 361 3216 ginta.
404 3133 584 3197 Theodorus
606 3139 730 3210 Lector,
760 3132 859 3215 ανδρα
879 3128 1101 3216 πρεσβύτατον,
1133 3134 1262 3192 bomo'
1248 3139 1305 3214 qni
1326 3132 1372 3191 ad
1432 3204 1437 3213 ,
1468 3136 1469 3139 ’

266 3242 422 3280 summam
441 3233 620 3281 smectutem
638 3223 755 3297 vixerit,
777 3221 856 3280 infra
875 3222 1059 3301 Procopius,
1080 3213 1370 3302 dcxurdyspome-

265 3308 290 3365 li
313 3327 351 3366 uc
374 3304 464 3387 adp.
488 3307 540 3371 45.
1468 3326 1469 3329 ¹

292 3327 311 3388 q
350 3394 386 3450 P.
407 3389 460 3466 44,
483 3395 513 3455 9.
555 3389 809 3472 Anolpbobetus]
837 3389 919 3447 Anni
940 3398 1104 3449 excurrunt
1124 3398 1247 3448 centum
1270 3399 1303 3446 et
1321 3388 1371 3446 vi-
1468 3368 1469 3403 ³

267 3478 354 3556 giuti,
376 3497 432 3535 nec
453 3477 599 3558 amplius,
622 3497 663 3535 ex
685 3497 744 3557 quo
765 3476 948 3534 lastinianus
970 3465 1088 3548 dicitur,
1110 3485 1140 3532 et
1161 3475 1254 3552 vulgo
1275 3471 1371 3532 habe-
1468 3476 1469 3525 i

266 3572 316 3622 tur
337 3563 580 3642 αιιαΙρΙιαὸιιιιιι
607 3583 716 3641 nempe
747 3571 817 3639 post
844 3563 1026 3640 impressum
1042 3557 1207 3619 Mediolani
1232 3558 1370 3633 Suidam,
1468 3558 1469 3625 ζ

177 3645 254 3704 ata
271 3669 362 3728 quern
381 3649 551 3707 Demetrius
573 3644 793 3724 Chalcondyles
824 3642 861 3704 ds
883 3647 1004 3705 Graecis
1033 3647 1139 3704 litteris
1167 3644 1371 3702 benemeritus

270 3733 452 3792 emendarit.
503 3735 649 3792 Desinant
685 3730 795 3790 eruditi
828 3731 1030 3790 iurisconsulti
1059 3728 1195 3788 Andreas
1225 3731 1373 3803 Aleiatus,

269 3820 439 3878 Gulielmus
464 3817 620 3893 Budaeus,
650 3817 763 3898 aliique
789 3817 988 3874 lastinianum
1015 3836 1105 3874 suum
1129 3815 1258 3874 scribere
1282 3813 1373 3873 indo·

270 3914 352 3961 otum
374 3923 409 3962 oc
429 3905 519 3983 plane
541 3903 668 3978 rudem3
691 3913 721 3962 et
740 3898 921 3960 mendosum
942 3898 1055 3960 Suidae
1075 3902 1187 3974 locum,
1209 3902 1264 3981 qui
1284 3919 1372 3959 ocos-

270 3989 388 4048 siouem
408 3989 469 4046 illis
491 3991 564 4048 fecit
585 3986 712 4064 errandi,
734 4005 776 4045 ex
796 3984 854 4045 boc
868 3989 1012 4088 Procopii
1029 3989 1188 4064 corrigant,
1210 3983 1292 4042 unde
1318 3985 1373 4041 illa

270 4074 362 4131 rerba
384 4072 493 4132 Suidas
525 4073 679 4148 describit,
708 4065 868 4152 ἆμᾶθηιος
891 4065 1073 4154 γραμμάτων
1100 4065 1246 4132 ἁπάντων
1266 4064 1372 4131 sui
1340 4092 1373 4131 το

271 4154 311 4236 δη
337 4152 499 4238 λεγόμενοι
528 4153 756 4238 ἀναλφάβητος,
789 4175 866 4236 qnae
896 4155 933 4215 de
955 4159 1069 4216 Iustino
1089 4157 1255 4234 Procopius
1284 4153 1373 4228 dixit,

270 4263 331 4301 non
354 4241 392 4300 de
413 4245 588 4302 Iustiniano.
631 4247 728 4316 Quem
747 4243 845 4320 fidem
873 4263 964 4301 auam
992 4241 1197 4321 chirographo
1224 4242 1374 4320 scriptam

265 4329 393 4407 proprio
419 4325 465 4386 ad
487 4325 587 4386 sedem
614 4328 816 4408 apostolicam
840 4329 960 4386 misisse
985 4337 1132 4388 testantur
1151 4325 1311 4401 historiae,
1343 4334 1374 4381 et

271 4414 412 4474 Anartius
439 4414 473 4472 in
493 4417 606 4475 Ioanne
624 4410 769 4475 secundo.
809 4413 901 4474 Recta
921 4411 1035 4474 habeut
1055 4431 1160 4474 ornnes
1177 4410 1292 4474 Suidas
1319 4425 1373 4470 co-
