<?xml version="1.0" encoding="UTF-8"?>
<!DOCTYPE html PUBLIC "-//W3C//DTD XHTML 1.0 Transitional//EN"
    "http://www.w3.org/TR/xhtml1/DTD/xhtml1-transitional.dtd">
<html xmlns="http://www.w3.org/1999/xhtml" xml:lang="en" lang="en">
 <head>
  <title>
</title>
<meta http-equiv="Content-Type" content="text/html;charset=utf-8" />
  <meta name='ocr-system' content='tesseract 3.04.00' />
  <meta name='ocr-capabilities' content='ocr_page ocr_carea ocr_par ocr_line ocrx_word'/>
</head>
<body>
  <div class='ocr_page' id='page_1' title='image "./corpusscriptoru15theogoog_0483.png"; bbox 0 0 2959 4792; ppageno 0'>
   <div class='ocr_carea' id='block_1_1' title="bbox 442 321 1270 418">
    <p class='ocr_par' dir='ltr' id='par_1_1' title="bbox 442 321 1270 418">
     <span class='ocr_line' id='line_1_1' title="bbox 442 321 1270 418; baseline 0.008 -9"><span class='ocrx_word' id='word_1_1' title='bbox 442 336 588 409; x_wconf 80' lang='lat' dir='ltr'><em>nomn</em></span> <span class='ocrx_word' id='word_1_2' title='bbox 611 338 839 408; x_wconf 77' lang='lat' dir='ltr'><em>mmmm</em></span> <span class='ocrx_word' id='word_1_3' title='bbox 953 387 957 397; x_wconf 79' lang='grc'><strong>.</strong></span> <span class='ocrx_word' id='word_1_4' title='bbox 1117 321 1270 418; x_wconf 74' lang='lat'><em>435&#39;</em></span> 
     </span>
    </p>
   </div>
   <div class='ocr_carea' id='block_1_2' title="bbox 75 495 1307 4431">
    <p class='ocr_par' dir='ltr' id='par_1_2' title="bbox 81 495 1307 1100">
     <span class='ocr_line' id='line_1_2' title="bbox 81 495 1210 587; baseline 0.006 -20"><span class='ocrx_word' id='word_1_5' title='bbox 81 496 245 567; x_wconf 68' lang='grc' dir='ltr'><strong><em>ἐδείκνυον</em></strong></span> <span class='ocrx_word' id='word_1_6' title='bbox 267 495 302 565; x_wconf 81' lang='lat' dir='ltr'><em>rb</em></span> <span class='ocrx_word' id='word_1_7' title='bbox 328 498 457 567; x_wconf 74' lang='lat' dir='ltr'><em>attona</em></span> <span class='ocrx_word' id='word_1_8' title='bbox 504 498 619 583; x_wconf 75' lang='lat' dir='ltr'><em>duciae</em></span> <span class='ocrx_word' id='word_1_9' title='bbox 646 498 680 566; x_wconf 80' lang='lat' dir='ltr'><em>ii</em></span> <span class='ocrx_word' id='word_1_10' title='bbox 704 500 758 567; x_wconf 80' lang='lat' dir='ltr'><em>sei</em></span> <span class='ocrx_word' id='word_1_11' title='bbox 786 501 823 566; x_wconf 84' lang='lat' dir='ltr'><em>ai</em></span> <span class='ocrx_word' id='word_1_12' title='bbox 847 499 971 585; x_wconf 61' lang='lat' dir='ltr'><em>{postes</em></span> <span class='ocrx_word' id='word_1_13' title='bbox 994 498 1111 587; x_wconf 70' lang='lat' dir='ltr'><em>deicae</em></span> <span class='ocrx_word' id='word_1_14' title='bbox 1137 502 1210 574; x_wconf 66' lang='lat' dir='ltr'><em>tte·</em></span> 
     </span>
     <span class='ocr_line' id='line_1_3' title="bbox 83 584 1194 675; baseline 0.007 -24"><span class='ocrx_word' id='word_1_15' title='bbox 83 588 244 670; x_wconf 77' lang='grc' dir='ltr'><em>λαθραίως</em></span> <span class='ocrx_word' id='word_1_16' title='bbox 270 584 459 669; x_wconf 72' lang='lat' dir='ltr'><em>lpotxeiorro</em></span> <span class='ocrx_word' id='word_1_17' title='bbox 483 592 573 652; x_wconf 79' lang='lat' dir='ltr'><em>sciro</em></span> <span class='ocrx_word' id='word_1_18' title='bbox 600 588 724 670; x_wconf 72' lang='grc' dir='ltr'><em>ἐγίνετο.</em></span> <span class='ocrx_word' id='word_1_19' title='bbox 766 587 880 654; x_wconf 70' lang='grc' dir='ltr'><em>ἐκεῖναι</em></span> <span class='ocrx_word' id='word_1_20' title='bbox 904 584 962 673; x_wconf 72' lang='lat' dir='ltr'><em>yda</em></span> <span class='ocrx_word' id='word_1_21' title='bbox 992 585 1194 675; x_wconf 64' lang='grc' dir='ltr'><em>113θύςῶμο-</em></span> 
     </span>
     <span class='ocr_line' id='line_1_4' title="bbox 83 666 1196 761; baseline 0.008 -26"><span class='ocrx_word' id='word_1_22' title='bbox 83 666 209 755; x_wconf 80' lang='grc' dir='ltr'><strong><em>λόγουν,</em></strong></span> <span class='ocrx_word' id='word_1_23' title='bbox 250 670 274 753; x_wconf 76' lang='lat' dir='ltr'><em>ef</em></span> <span class='ocrx_word' id='word_1_24' title='bbox 297 671 331 736; x_wconf 78' lang='lat' dir='ltr'><em>ii</em></span> <span class='ocrx_word' id='word_1_25' title='bbox 351 670 576 757; x_wconf 73' lang='grc' dir='ltr'><strong><em>γυναικαδελφή</em></strong></span> <span class='ocrx_word' id='word_1_26' title='bbox 603 666 766 738; x_wconf 71' lang='lat' dir='ltr'><em>locotione</em></span> <span class='ocrx_word' id='word_1_27' title='bbox 785 678 845 739; x_wconf 77' lang='lat' dir='ltr'><em>soei</em></span> <span class='ocrx_word' id='word_1_28' title='bbox 864 668 927 741; x_wconf 81' lang='lat' dir='ltr'><em>cini</em></span> <span class='ocrx_word' id='word_1_29' title='bbox 946 680 1196 761; x_wconf 62' lang='lat' dir='ltr'><em>Kaesoneteeue</em></span> 
     </span>
     <span class='ocr_line' id='line_1_5' title="bbox 85 753 1195 843; baseline 0.008 -22"><span class='ocrx_word' id='word_1_30' title='bbox 85 756 250 839; x_wconf 74' lang='grc' dir='ltr'><em>συνέτριψε</em></span> <span class='ocrx_word' id='word_1_31' title='bbox 276 754 335 840; x_wconf 69' lang='grc' dir='ltr'><em>τήν</em></span> <span class='ocrx_word' id='word_1_32' title='bbox 364 753 479 841; x_wconf 75' lang='grc' dir='ltr'><em>στήλην</em></span> <span class='ocrx_word' id='word_1_33' title='bbox 505 756 557 823; x_wconf 75' lang='lat' dir='ltr'><em>tut</em></span> <span class='ocrx_word' id='word_1_34' title='bbox 584 755 618 823; x_wconf 83' lang='lat' dir='ltr'><em>si</em></span> <span class='ocrx_word' id='word_1_35' title='bbox 643 758 696 822; x_wconf 81' lang='lat' dir='ltr'><em>uel</em></span> <span class='ocrx_word' id='word_1_36' title='bbox 723 754 819 843; x_wconf 69' lang='grc' dir='ltr'><strong><em>αὐτῆς</em></strong></span> <span class='ocrx_word' id='word_1_37' title='bbox 846 764 986 842; x_wconf 76' lang='grc' dir='ltr'><strong><em>φανῆναι</em></strong></span> <span class='ocrx_word' id='word_1_38' title='bbox 1012 760 1045 828; x_wconf 82' lang='grc' dir='ltr'><em>τὸ</em></span> <span class='ocrx_word' id='word_1_39' title='bbox 1073 764 1195 830; x_wconf 74' lang='grc' dir='ltr'><strong><em>αἰδοῖον</em></strong></span> 
     </span>
     <span class='ocr_line' id='line_1_6' title="bbox 84 838 1195 931; baseline 0.009 -27"><span class='ocrx_word' id='word_1_40' title='bbox 84 844 299 923; x_wconf 78' lang='grc' dir='ltr'><strong><em>μοιχευθεὶσης</em></strong></span> <span class='ocrx_word' id='word_1_41' title='bbox 319 844 439 908; x_wconf 64' lang='grc' dir='ltr'><strong><em>ἐκεῖθεν</em></strong></span> <span class='ocrx_word' id='word_1_42' title='bbox 458 842 652 926; x_wconf 70' lang='grc' dir='ltr'><em>διερχομένης</em></span> <span class='ocrx_word' id='word_1_43' title='bbox 671 838 719 923; x_wconf 71' lang='grc' dir='ltr'><em>ἐφ’</em></span> <span class='ocrx_word' id='word_1_44' title='bbox 738 846 823 928; x_wconf 72' lang='grc' dir='ltr'><em>ἵππῳ</em></span> <span class='ocrx_word' id='word_1_45' title='bbox 845 846 880 911; x_wconf 74' lang='lat' dir='ltr'><em>le·</em></span> <span class='ocrx_word' id='word_1_46' title='bbox 899 851 944 911; x_wconf 82' lang='lat' dir='ltr'><em>roi</em></span> <span class='ocrx_word' id='word_1_47' title='bbox 963 843 1111 931; x_wconf 69' lang='lat' dir='ltr'><em>tetepen</em></span> <span class='ocrx_word' id='word_1_48' title='bbox 1130 854 1195 915; x_wconf 75' lang='lat' dir='ltr'><em>eoin</em></span> 
     </span>
     <span class='ocr_line' id='line_1_7' title="bbox 84 931 1307 1015; baseline 0.007 -26"><span class='ocrx_word' id='word_1_49' title='bbox 84 932 279 1009; x_wconf 71' lang='grc' dir='ltr'><strong><em>Βλαχερνῶντ</em></strong></span> <span class='ocrx_word' id='word_1_50' title='bbox 305 931 449 1011; x_wconf 74' lang='lat' dir='ltr'><em>Virginea</em></span> <span class='ocrx_word' id='word_1_51' title='bbox 468 934 541 991; x_wconf 76' lang='lat' dir='ltr'><em>vitii</em></span> <span class='ocrx_word' id='word_1_52' title='bbox 559 942 719 1010; x_wconf 84' lang='lat' dir='ltr'><em>suspectae</em></span> <span class='ocrx_word' id='word_1_53' title='bbox 739 952 811 992; x_wconf 90' lang='lat' dir='ltr'><em>cum</em></span> <span class='ocrx_word' id='word_1_54' title='bbox 830 954 901 992; x_wconf 85' lang='lat' dir='ltr'><em>acce</em></span> <span class='ocrx_word' id='word_1_55' title='bbox 1008 978 1018 1011; x_wconf 91' lang='lat'><em>,</em></span> <span class='ocrx_word' id='word_1_56' title='bbox 1040 933 1196 1015; x_wconf 86' lang='lat' dir='ltr'><em>siquidem</em></span> <span class='ocrx_word' id='word_1_57' title='bbox 1305 981 1307 989; x_wconf 68' lang='lat'><em>,</em></span> 
     </span>
     <span class='ocr_line' id='line_1_8' title="bbox 83 1012 1196 1100; baseline 0.006 -27"><span class='ocrx_word' id='word_1_58' title='bbox 83 1012 228 1073; x_wconf 73' lang='lat' dir='ltr'><em>illibatae</em></span> <span class='ocrx_word' id='word_1_59' title='bbox 249 1024 359 1091; x_wconf 84' lang='lat' dir='ltr'><em>essent,</em></span> <span class='ocrx_word' id='word_1_60' title='bbox 381 1036 482 1075; x_wconf 87' lang='lat' dir='ltr'><em>secure</em></span> <span class='ocrx_word' id='word_1_61' title='bbox 503 1014 714 1096; x_wconf 71' lang='lat' dir='ltr'><em>discedebant,</em></span> <span class='ocrx_word' id='word_1_62' title='bbox 743 1028 777 1076; x_wconf 86' lang='lat' dir='ltr'><em>at</em></span> <span class='ocrx_word' id='word_1_63' title='bbox 797 1039 867 1079; x_wconf 76' lang='lat' dir='ltr'><em>uero</em></span> <span class='ocrx_word' id='word_1_64' title='bbox 889 1030 1106 1100; x_wconf 85' lang='lat' dir='ltr'><em>corruptarum</em></span> <span class='ocrx_word' id='word_1_65' title='bbox 1127 1033 1196 1080; x_wconf 82' lang='lat' dir='ltr'><em>eta·</em></span> 
     </span>
    </p>

    <p class='ocr_par' dir='ltr' id='par_1_3' title="bbox 82 1098 1284 1351">
     <span class='ocr_line' id='line_1_9' title="bbox 83 1098 1197 1187; baseline 0.004 -30"><span class='ocrx_word' id='word_1_66' title='bbox 83 1100 144 1157; x_wconf 84' lang='lat' dir='ltr'><em>tim</em></span> <span class='ocrx_word' id='word_1_67' title='bbox 165 1102 258 1157; x_wconf 76' lang='lat' dir='ltr'><em>vestie</em></span> <span class='ocrx_word' id='word_1_68' title='bbox 280 1098 483 1161; x_wconf 76' lang='lat' dir='ltr'><em>reducebatur</em></span> <span class='ocrx_word' id='word_1_69' title='bbox 502 1100 667 1183; x_wconf 88' lang='lat' dir='ltr'><em>patefectia</em></span> <span class='ocrx_word' id='word_1_70' title='bbox 682 1100 850 1181; x_wconf 82' lang='lat' dir='ltr'><em>pudendis.</em></span> <span class='ocrx_word' id='word_1_71' title='bbox 895 1106 1013 1185; x_wconf 82' lang='lat' dir='ltr'><em>Nuptis</em></span> <span class='ocrx_word' id='word_1_72' title='bbox 1033 1110 1127 1165; x_wconf 90' lang='lat' dir='ltr'><em>etiam</em></span> <span class='ocrx_word' id='word_1_73' title='bbox 1139 1108 1197 1187; x_wconf 77' lang='lat' dir='ltr'><em>fi-</em></span> 
     </span>
     <span class='ocr_line' id='line_1_10' title="bbox 82 1184 1284 1271; baseline 0.01 -28"><span class='ocrx_word' id='word_1_74' title='bbox 82 1184 195 1260; x_wconf 86' lang='lat' dir='ltr'><em>minis,</em></span> <span class='ocrx_word' id='word_1_75' title='bbox 222 1206 302 1265; x_wconf 86' lang='lat' dir='ltr'><em>quae</em></span> <span class='ocrx_word' id='word_1_76' title='bbox 322 1185 521 1247; x_wconf 66' lang='lat' dir='ltr'><em>clandestinis</em></span> <span class='ocrx_word' id='word_1_77' title='bbox 542 1186 709 1247; x_wconf 86' lang='lat' dir='ltr'><em>adulteriis</em></span> <span class='ocrx_word' id='word_1_78' title='bbox 729 1208 762 1246; x_wconf 88' lang='lat' dir='ltr'><em>ee</em></span> <span class='ocrx_word' id='word_1_79' title='bbox 778 1188 973 1269; x_wconf 85' lang='lat' dir='ltr'><em>foedassent,</em></span> <span class='ocrx_word' id='word_1_80' title='bbox 998 1189 1078 1251; x_wconf 90' lang='lat' dir='ltr'><em>idem</em></span> <span class='ocrx_word' id='word_1_81' title='bbox 1096 1193 1193 1271; x_wconf 84' lang='lat' dir='ltr'><em>plane</em></span> <span class='ocrx_word' id='word_1_82' title='bbox 1206 1200 1233 1253; x_wconf 80' lang='lat' dir='ltr'>A</span> <span class='ocrx_word' id='word_1_83' title='bbox 1247 1200 1284 1257; x_wconf 80' lang='grc'><em>81</em></span> 
     </span>
     <span class='ocr_line' id='line_1_11' title="bbox 82 1266 1196 1351; baseline 0.009 -24"><span class='ocrx_word' id='word_1_84' title='bbox 82 1266 207 1341; x_wconf 86' lang='lat' dir='ltr'><em>accidit,</em></span> <span class='ocrx_word' id='word_1_85' title='bbox 229 1273 373 1351; x_wconf 74' lang='lat' dir='ltr'><em>ipsaeque</em></span> <span class='ocrx_word' id='word_1_86' title='bbox 387 1276 497 1332; x_wconf 86' lang='lat' dir='ltr'><em>atatim</em></span> <span class='ocrx_word' id='word_1_87' title='bbox 515 1294 578 1333; x_wconf 89' lang='lat' dir='ltr'><em>rem</em></span> <span class='ocrx_word' id='word_1_88' title='bbox 587 1274 701 1351; x_wconf 80' lang='lat' dir='ltr'><em>fassae</em></span> <span class='ocrx_word' id='word_1_89' title='bbox 717 1285 800 1338; x_wconf 90' lang='lat' dir='ltr'><em>eunt.</em></span> <span class='ocrx_word' id='word_1_90' title='bbox 844 1276 1003 1335; x_wconf 77' lang='lat' dir='ltr'><em>Caeterum</em></span> <span class='ocrx_word' id='word_1_91' title='bbox 1016 1290 1104 1336; x_wconf 86' lang='lat' dir='ltr'><em>soror</em></span> <span class='ocrx_word' id='word_1_92' title='bbox 1117 1299 1196 1337; x_wconf 79' lang='lat' dir='ltr'><em>uxo·-</em></span> 
     </span>
    </p>

    <p class='ocr_par' dir='ltr' id='par_1_4' title="bbox 82 1354 1195 1441">
     <span class='ocr_line' id='line_1_12' title="bbox 82 1354 1195 1441; baseline 0.007 -26"><span class='ocrx_word' id='word_1_93' title='bbox 82 1356 131 1415; x_wconf 85' lang='lat' dir='ltr'><em>ric</em></span> <span class='ocrx_word' id='word_1_94' title='bbox 152 1354 275 1432; x_wconf 78' lang='lat' dir='ltr'><em>Insilui,</em></span> <span class='ocrx_word' id='word_1_95' title='bbox 299 1361 354 1437; x_wconf 85' lang='lat' dir='ltr'><em>qui</em></span> <span class='ocrx_word' id='word_1_96' title='bbox 371 1369 442 1437; x_wconf 87' lang='lat' dir='ltr'><em>poet</em></span> <span class='ocrx_word' id='word_1_97' title='bbox 463 1380 570 1418; x_wconf 91' lang='lat' dir='ltr'><em>curam</em></span> <span class='ocrx_word' id='word_1_98' title='bbox 587 1360 707 1437; x_wconf 87' lang='lat' dir='ltr'><em>palatii</em></span> <span class='ocrx_word' id='word_1_99' title='bbox 727 1362 891 1441; x_wconf 86' lang='lat' dir='ltr'><em>imperium</em></span> <span class='ocrx_word' id='word_1_100' title='bbox 910 1364 999 1441; x_wconf 89' lang='lat' dir='ltr'><em>cepit,</em></span> <span class='ocrx_word' id='word_1_101' title='bbox 1020 1383 1087 1421; x_wconf 87' lang='lat' dir='ltr'><em>eom</em></span> <span class='ocrx_word' id='word_1_102' title='bbox 1098 1362 1195 1423; x_wconf 87' lang='lat' dir='ltr'><em>Vene-</em></span> 
     </span>
    </p>

    <p class='ocr_par' dir='ltr' id='par_1_5' title="bbox 75 1442 1301 2026">
     <span class='ocr_line' id='line_1_13' title="bbox 83 1442 1194 1527; baseline 0.006 -26"><span class='ocrx_word' id='word_1_103' title='bbox 83 1442 132 1501; x_wconf 87' lang='lat' dir='ltr'><em>ris</em></span> <span class='ocrx_word' id='word_1_104' title='bbox 152 1450 291 1499; x_wconf 88' lang='lat' dir='ltr'><em>statuam</em></span> <span class='ocrx_word' id='word_1_105' title='bbox 312 1447 479 1503; x_wconf 88' lang='lat' dir='ltr'><em>comminui</em></span> <span class='ocrx_word' id='word_1_106' title='bbox 500 1446 612 1503; x_wconf 77' lang='lat' dir='ltr'><em>iussit.-</em></span> <span class='ocrx_word' id='word_1_107' title='bbox 642 1442 728 1526; x_wconf 85' lang='lat' dir='ltr'><em>quod</em></span> <span class='ocrx_word' id='word_1_108' title='bbox 748 1458 777 1503; x_wconf 90' lang='lat' dir='ltr'><em>et</em></span> <span class='ocrx_word' id='word_1_109' title='bbox 796 1448 878 1523; x_wconf 87' lang='lat' dir='ltr'><em>eius,</em></span> <span class='ocrx_word' id='word_1_110' title='bbox 896 1458 973 1527; x_wconf 86' lang='lat' dir='ltr'><em>post</em></span> <span class='ocrx_word' id='word_1_111' title='bbox 992 1446 1194 1522; x_wconf 77' lang='lat' dir='ltr'><em>adulterium,</em></span> 
     </span>
     <span class='ocr_line' id='line_1_14' title="bbox 75 1522 1197 1613; baseline 0.009 -30"><span class='ocrx_word' id='word_1_112' title='bbox 75 1522 233 1604; x_wconf 79' lang='lat' dir='ltr'><em>pudenda</em></span> <span class='ocrx_word' id='word_1_113' title='bbox 253 1528 369 1586; x_wconf 84' lang='lat' dir='ltr'><em>detecta</em></span> <span class='ocrx_word' id='word_1_114' title='bbox 389 1532 461 1605; x_wconf 86' lang='lat' dir='ltr'><em>sint,</em></span> <span class='ocrx_word' id='word_1_115' title='bbox 484 1550 555 1589; x_wconf 87' lang='lat' dir='ltr'><em>cum</em></span> <span class='ocrx_word' id='word_1_116' title='bbox 575 1526 646 1588; x_wconf 86' lang='lat' dir='ltr'><em>iude</em></span> <span class='ocrx_word' id='word_1_117' title='bbox 660 1532 856 1609; x_wconf 87' lang='lat' dir='ltr'><em>praeteriret,</em></span> <span class='ocrx_word' id='word_1_118' title='bbox 878 1543 906 1590; x_wconf 91' lang='lat' dir='ltr'><em>et</em></span> <span class='ocrx_word' id='word_1_119' title='bbox 928 1553 1006 1613; x_wconf 82' lang='lat' dir='ltr'><em>equo</em></span> <span class='ocrx_word' id='word_1_120' title='bbox 1024 1545 1128 1607; x_wconf 86' lang='lat' dir='ltr'><em>uecta,</em></span> <span class='ocrx_word' id='word_1_121' title='bbox 1149 1532 1197 1593; x_wconf 92' lang='lat' dir='ltr'><em>ad</em></span> 
     </span>
     <span class='ocr_line' id='line_1_15' title="bbox 82 1611 1195 1693; baseline 0.008 -23"><span class='ocrx_word' id='word_1_122' title='bbox 82 1611 213 1670; x_wconf 79' lang='lat' dir='ltr'><em>balneae</em></span> <span class='ocrx_word' id='word_1_123' title='bbox 243 1614 490 1674; x_wconf 83' lang='lat' dir='ltr'><em>Blachernianas</em></span> <span class='ocrx_word' id='word_1_124' title='bbox 527 1616 782 1693; x_wconf 77' lang='lat' dir='ltr'><em>preficicceretur.</em></span> <span class='ocrx_word' id='word_1_125' title='bbox 840 1617 893 1676; x_wconf 83' lang='lat' dir='ltr'><em>sie</em></span> <span class='ocrx_word' id='word_1_126' title='bbox 920 1621 1014 1677; x_wconf 88' lang='lat' dir='ltr'><em>etiam</em></span> <span class='ocrx_word' id='word_1_127' title='bbox 1042 1617 1195 1680; x_wconf 71' lang='lat' dir='ltr'><em>adstiteras</em></span> 
     </span>
     <span class='ocr_line' id='line_1_16' title="bbox 81 1698 1301 1782; baseline 0.011 -27"><span class='ocrx_word' id='word_1_128' title='bbox 81 1698 264 1778; x_wconf 72' lang='lat' dir='ltr'><em>vitiataeque</em></span> <span class='ocrx_word' id='word_1_129' title='bbox 284 1701 416 1779; x_wconf 85' lang='lat' dir='ltr'><em>virgines</em></span> <span class='ocrx_word' id='word_1_130' title='bbox 438 1698 641 1779; x_wconf 86' lang='lat' dir='ltr'><em>deprehensas</em></span> <span class='ocrx_word' id='word_1_131' title='bbox 661 1701 821 1759; x_wconf 87' lang='lat' dir='ltr'><em>Iustiniani</em></span> <span class='ocrx_word' id='word_1_132' title='bbox 846 1712 983 1782; x_wconf 88' lang='lat' dir='ltr'><em>tempore</em></span> <span class='ocrx_word' id='word_1_133' title='bbox 1004 1707 1087 1765; x_wconf 87' lang='lat' dir='ltr'><em>canis</em></span> <span class='ocrx_word' id='word_1_134' title='bbox 1109 1704 1301 1772; x_wconf 65' lang='lat' dir='ltr'><em>indi-9151</em></span> 
     </span>
     <span class='ocr_line' id='line_1_17' title="bbox 83 1782 1195 1867; baseline 0.007 -26"><span class='ocrx_word' id='word_1_135' title='bbox 83 1785 144 1855; x_wconf 90' lang='lat' dir='ltr'><em>cio,</em></span> <span class='ocrx_word' id='word_1_136' title='bbox 167 1801 260 1862; x_wconf 90' lang='lat' dir='ltr'><em>quem</em></span> <span class='ocrx_word' id='word_1_137' title='bbox 279 1804 320 1843; x_wconf 85' lang='lat' dir='ltr'><em>ex</em></span> <span class='ocrx_word' id='word_1_138' title='bbox 339 1786 427 1843; x_wconf 87' lang='lat' dir='ltr'><em>ltalia</em></span> <span class='ocrx_word' id='word_1_139' title='bbox 447 1782 585 1843; x_wconf 84' lang='lat' dir='ltr'><em>Andreas</em></span> <span class='ocrx_word' id='word_1_140' title='bbox 607 1783 732 1867; x_wconf 89' lang='lat' dir='ltr'><em>qnidam</em></span> <span class='ocrx_word' id='word_1_141' title='bbox 753 1806 808 1866; x_wconf 87' lang='lat' dir='ltr'><em>per</em></span> <span class='ocrx_word' id='word_1_142' title='bbox 828 1790 999 1867; x_wconf 78' lang='lat' dir='ltr'><em>provincias</em></span> <span class='ocrx_word' id='word_1_143' title='bbox 1021 1788 1195 1849; x_wconf 85' lang='lat' dir='ltr'><em>circumdu-</em></span> 
     </span>
     <span class='ocr_line' id='line_1_18' title="bbox 82 1866 1195 1949; baseline 0.01 -24"><span class='ocrx_word' id='word_1_144' title='bbox 82 1878 180 1942; x_wconf 83' lang='lat' dir='ltr'><em>ceret,</em></span> <span class='ocrx_word' id='word_1_145' title='bbox 202 1879 324 1929; x_wconf 84' lang='lat' dir='ltr'><em>narrant</em></span> <span class='ocrx_word' id='word_1_146' title='bbox 345 1866 569 1949; x_wconf 85' lang='lat' dir='ltr'><em>Theophanes,</em></span> <span class='ocrx_word' id='word_1_147' title='bbox 589 1873 778 1948; x_wconf 86' lang='lat' dir='ltr'><em>Anastasius,</em></span> <span class='ocrx_word' id='word_1_148' title='bbox 800 1870 965 1949; x_wconf 77' lang='lat' dir='ltr'><em>cedrenus,</em></span> <span class='ocrx_word' id='word_1_149' title='bbox 985 1870 1114 1934; x_wconf 84' lang='lat' dir='ltr'><em>historia</em></span> <span class='ocrx_word' id='word_1_150' title='bbox 1133 1878 1195 1936; x_wconf 87' lang='lat' dir='ltr'><em>mi·-</em></span> 
     </span>
     <span class='ocr_line' id='line_1_19' title="bbox 82 1953 568 2026; baseline 0 -12"><span class='ocrx_word' id='word_1_151' title='bbox 82 1953 196 2026; x_wconf 84' lang='lat' dir='ltr'><em>scella,</em></span> <span class='ocrx_word' id='word_1_152' title='bbox 218 1966 250 2013; x_wconf 88' lang='lat' dir='ltr'><em>et</em></span> <span class='ocrx_word' id='word_1_153' title='bbox 270 1954 383 2015; x_wconf 86' lang='lat' dir='ltr'><em>Paulus</em></span> <span class='ocrx_word' id='word_1_154' title='bbox 404 1956 568 2015; x_wconf 82' lang='lat' dir='ltr'><em>Diaconus.</em></span> 
     </span>
    </p>

    <p class='ocr_par' dir='ltr' id='par_1_6' title="bbox 81 2038 1198 2461">
     <span class='ocr_line' id='line_1_20' title="bbox 169 2038 1196 2119; baseline 0.007 -20"><span class='ocrx_word' id='word_1_155' title='bbox 169 2042 205 2099; x_wconf 99' lang='grc' dir='ltr'><em>Ρ.</em></span> <span class='ocrx_word' id='word_1_156' title='bbox 223 2040 295 2114; x_wconf 81' lang='grc'><strong>103,</strong></span> <span class='ocrx_word' id='word_1_157' title='bbox 312 2045 344 2105; x_wconf 87' lang='grc'><em>7.</em></span> <span class='ocrx_word' id='word_1_158' title='bbox 386 2038 490 2101; x_wconf 82' lang='lat' dir='ltr'><em>Adita</em></span> <span class='ocrx_word' id='word_1_159' title='bbox 502 2042 611 2098; x_wconf 87' lang='lat' dir='ltr'><em>statim</em></span> <span class='ocrx_word' id='word_1_160' title='bbox 625 2040 827 2119; x_wconf 79' lang='lat' dir='ltr'><em>imperatrice]</em></span> <span class='ocrx_word' id='word_1_161' title='bbox 851 2040 945 2101; x_wconf 69' lang='lat' dir='ltr'><em>cenes</em></span> <span class='ocrx_word' id='word_1_162' title='bbox 961 2041 1098 2102; x_wconf 72' lang='lat' dir='ltr'><em>favorem</em></span> <span class='ocrx_word' id='word_1_163' title='bbox 1115 2055 1196 2106; x_wconf 86' lang='lat' dir='ltr'><em>certo</em></span> 
     </span>
     <span class='ocr_line' id='line_1_21' title="bbox 81 2123 1197 2207; baseline 0 -22"><span class='ocrx_word' id='word_1_164' title='bbox 81 2125 144 2185; x_wconf 84' lang='lat' dir='ltr'><em>sibi</em></span> <span class='ocrx_word' id='word_1_165' title='bbox 164 2126 396 2206; x_wconf 76' lang='lat' dir='ltr'><em>pollicerentur:</em></span> <span class='ocrx_word' id='word_1_166' title='bbox 423 2145 498 2185; x_wconf 86' lang='lat' dir='ltr'><em>nam</em></span> <span class='ocrx_word' id='word_1_167' title='bbox 518 2135 553 2185; x_wconf 87' lang='lat' dir='ltr'><em>ut</em></span> <span class='ocrx_word' id='word_1_168' title='bbox 573 2135 618 2185; x_wconf 89' lang='lat' dir='ltr'><em>est</em></span> <span class='ocrx_word' id='word_1_169' title='bbox 638 2126 661 2184; x_wconf 93' lang='lat' dir='ltr'><em>l.</em></span> <span class='ocrx_word' id='word_1_170' title='bbox 684 2127 704 2189; x_wconf 84' lang='grc'><strong>8</strong></span> <span class='ocrx_word' id='word_1_171' title='bbox 725 2124 800 2183; x_wconf 88' lang='lat' dir='ltr'><em>bell.</em></span> <span class='ocrx_word' id='word_1_172' title='bbox 818 2123 924 2185; x_wconf 79' lang='lat' dir='ltr'><em>Gottls·</em></span> <span class='ocrx_word' id='word_1_173' title='bbox 947 2123 972 2206; x_wconf 74' lang='lat' dir='ltr'><em>ef</em></span> <span class='ocrx_word' id='word_1_174' title='bbox 992 2127 1110 2207; x_wconf 69' lang='grc' dir='ltr'><em>βασιλὶς</em></span> <span class='ocrx_word' id='word_1_175' title='bbox 1130 2129 1197 2192; x_wconf 77' lang='lat' dir='ltr'><em>ine.</em></span> 
     </span>
     <span class='ocr_line' id='line_1_22' title="bbox 81 2205 1197 2297; baseline 0 -24"><span class='ocrx_word' id='word_1_176' title='bbox 81 2206 179 2290; x_wconf 75' lang='grc' dir='ltr'><strong><em>φύκει</em></strong></span> <span class='ocrx_word' id='word_1_177' title='bbox 207 2205 254 2273; x_wconf 80' lang='lat' dir='ltr'><em>a’el</em></span> <span class='ocrx_word' id='word_1_178' title='bbox 276 2205 493 2291; x_wconf 76' lang='grc' dir='ltr'><strong><em>δυστυχοῦσαις</em></strong></span> <span class='ocrx_word' id='word_1_179' title='bbox 519 2208 643 2297; x_wconf 70' lang='grc' dir='ltr'><em>,γυναιξὶ</em></span> <span class='ocrx_word' id='word_1_180' title='bbox 669 2212 809 2291; x_wconf 75' lang='grc' dir='ltr'><strong><em>βοηθεῖν.</em></strong></span> <span class='ocrx_word' id='word_1_181' title='bbox 852 2210 1037 2289; x_wconf 75' lang='lat' dir='ltr'><em>imperatrix</em></span> <span class='ocrx_word' id='word_1_182' title='bbox 1059 2212 1197 2293; x_wconf 83' lang='lat' dir='ltr'><em>quodam</em></span> 
     </span>
     <span class='ocr_line' id='line_1_23' title="bbox 81 2293 1198 2380; baseline 0.003 -23"><span class='ocrx_word' id='word_1_183' title='bbox 81 2308 217 2357; x_wconf 84' lang='lat' dir='ltr'><em>naturae</em></span> <span class='ocrx_word' id='word_1_184' title='bbox 237 2298 389 2355; x_wconf 85' lang='lat' dir='ltr'><em>instinctu</em></span> <span class='ocrx_word' id='word_1_185' title='bbox 410 2307 592 2375; x_wconf 90' lang='lat' dir='ltr'><em>comparata</em></span> <span class='ocrx_word' id='word_1_186' title='bbox 613 2307 679 2355; x_wconf 88' lang='lat' dir='ltr'><em>erat</em></span> <span class='ocrx_word' id='word_1_187' title='bbox 698 2293 745 2355; x_wconf 88' lang='lat' dir='ltr'><em>ad</em></span> <span class='ocrx_word' id='word_1_188' title='bbox 756 2294 987 2377; x_wconf 79' lang='lat' dir='ltr'><em>eusu&#39;piendum</em></span> <span class='ocrx_word' id='word_1_189' title='bbox 1000 2298 1198 2380; x_wconf 78' lang='lat' dir='ltr'><em>afflictarum</em></span> 
     </span>
     <span class='ocr_line' id='line_1_24' title="bbox 82 2382 1191 2461; baseline -0.006 -21"><span class='ocrx_word' id='word_1_190' title='bbox 82 2382 250 2441; x_wconf 87' lang='lat' dir='ltr'><em>mulierum</em></span> <span class='ocrx_word' id='word_1_191' title='bbox 268 2384 486 2461; x_wconf 87' lang='lat' dir='ltr'><em>patrocinium.</em></span> <span class='ocrx_word' id='word_1_192' title='bbox 1187 2427 1191 2433; x_wconf 80' lang='grc'><strong>.</strong></span> 
     </span>
    </p>

    <p class='ocr_par' dir='ltr' id='par_1_7' title="bbox 80 2460 1196 3230">
     <span class='ocr_line' id='line_1_25' title="bbox 168 2460 1195 2548; baseline 0.002 -22"><span class='ocrx_word' id='word_1_193' title='bbox 168 2468 205 2526; x_wconf 88' lang='grc' dir='ltr'><em>Ρ.</em></span> <span class='ocrx_word' id='word_1_194' title='bbox 224 2467 303 2543; x_wconf 84' lang='grc'><strong>103,</strong></span> <span class='ocrx_word' id='word_1_195' title='bbox 327 2467 377 2532; x_wconf 86' lang='grc'><em>15.</em></span> <span class='ocrx_word' id='word_1_196' title='bbox 421 2466 496 2547; x_wconf 87' lang='lat' dir='ltr'><em>Ipsa</em></span> <span class='ocrx_word' id='word_1_197' title='bbox 516 2468 721 2547; x_wconf 66' lang='lat' dir='ltr'><em>magistratus</em></span> <span class='ocrx_word' id='word_1_198' title='bbox 741 2475 771 2524; x_wconf 91' lang='lat' dir='ltr'><em>et</em></span> <span class='ocrx_word' id='word_1_199' title='bbox 790 2460 963 2525; x_wconf 67' lang='lat' dir='ltr'><em>sacerdotes</em></span> <span class='ocrx_word' id='word_1_200' title='bbox 982 2465 1115 2548; x_wconf 70' lang='lat' dir='ltr'><em>cremt]</em></span> <span class='ocrx_word' id='word_1_201' title='bbox 1147 2469 1195 2528; x_wconf 85' lang='lat' dir='ltr'><em>Do</em></span> 
     </span>
     <span class='ocr_line' id='line_1_26' title="bbox 81 2550 1195 2632; baseline 0.001 -20"><span class='ocrx_word' id='word_1_202' title='bbox 81 2552 309 2631; x_wconf 81' lang='lat' dir='ltr'><em>magistratibus</em></span> <span class='ocrx_word' id='word_1_203' title='bbox 330 2571 348 2611; x_wconf 88' lang='lat' dir='ltr'><em>a</em></span> <span class='ocrx_word' id='word_1_204' title='bbox 368 2550 532 2612; x_wconf 86' lang='lat' dir='ltr'><em>Theodora</em></span> <span class='ocrx_word' id='word_1_205' title='bbox 555 2553 739 2625; x_wconf 88' lang='lat' dir='ltr'><em>constitutis,</em></span> <span class='ocrx_word' id='word_1_206' title='bbox 761 2551 839 2609; x_wconf 85' lang='lat' dir='ltr'><em>infra</em></span> <span class='ocrx_word' id='word_1_207' title='bbox 856 2553 1033 2632; x_wconf 80' lang='lat' dir='ltr'><em>Procopius.</em></span> <span class='ocrx_word' id='word_1_208' title='bbox 1077 2554 1126 2612; x_wconf 86' lang='lat' dir='ltr'><em>De</em></span> <span class='ocrx_word' id='word_1_209' title='bbox 1142 2574 1195 2613; x_wconf 86' lang='lat' dir='ltr'><em>sa-</em></span> 
     </span>
     <span class='ocr_line' id='line_1_27' title="bbox 82 2634 1196 2718; baseline 0.002 -22"><span class='ocrx_word' id='word_1_210' title='bbox 82 2636 273 2697; x_wconf 85' lang='lat' dir='ltr'><em>cerdotibus:</em></span> <span class='ocrx_word' id='word_1_211' title='bbox 301 2638 410 2718; x_wconf 90' lang='lat' dir='ltr'><em>plenae</em></span> <span class='ocrx_word' id='word_1_212' title='bbox 435 2648 506 2698; x_wconf 87' lang='lat' dir='ltr'><em>sunt</em></span> <span class='ocrx_word' id='word_1_213' title='bbox 530 2634 683 2697; x_wconf 85' lang='lat' dir='ltr'><em>historiae.</em></span> <span class='ocrx_word' id='word_1_214' title='bbox 724 2638 889 2697; x_wconf 85' lang='lat' dir='ltr'><em>Primarias</em></span> <span class='ocrx_word' id='word_1_215' title='bbox 912 2639 1055 2699; x_wconf 84' lang='lat' dir='ltr'><em>ecclesias</em></span> <span class='ocrx_word' id='word_1_216' title='bbox 1075 2648 1196 2698; x_wconf 87' lang='lat' dir='ltr'><em>tantum</em></span> 
     </span>
     <span class='ocr_line' id='line_1_28' title="bbox 80 2720 1196 2803; baseline 0.003 -22"><span class='ocrx_word' id='word_1_217' title='bbox 80 2726 221 2784; x_wconf 84' lang='lat' dir='ltr'><em>nomino.</em></span> <span class='ocrx_word' id='word_1_218' title='bbox 262 2725 402 2803; x_wconf 81' lang='lat' dir='ltr'><em>Byzantii</em></span> <span class='ocrx_word' id='word_1_219' title='bbox 415 2721 598 2782; x_wconf 81' lang='lat' dir='ltr'><em>Anthimum</em></span> <span class='ocrx_word' id='word_1_220' title='bbox 611 2720 847 2802; x_wconf 83' lang='lat' dir='ltr'><em>Eutychianum,</em></span> <span class='ocrx_word' id='word_1_221' title='bbox 869 2722 1074 2782; x_wconf 83' lang='lat' dir='ltr'><em>Alexandriae</em></span> <span class='ocrx_word' id='word_1_222' title='bbox 1087 2722 1196 2784; x_wconf 88' lang='lat' dir='ltr'><em>Theo·</em></span> 
     </span>
     <span class='ocr_line' id='line_1_29' title="bbox 83 2806 1195 2885; baseline 0.001 -18"><span class='ocrx_word' id='word_1_223' title='bbox 83 2807 207 2869; x_wconf 82' lang='lat' dir='ltr'><em>dasium</em></span> <span class='ocrx_word' id='word_1_224' title='bbox 234 2806 482 2869; x_wconf 87' lang='lat' dir='ltr'><em>Haeresiaroham</em></span> <span class='ocrx_word' id='word_1_225' title='bbox 511 2809 605 2869; x_wconf 83' lang='lat' dir='ltr'><em>fovit:</em></span> <span class='ocrx_word' id='word_1_226' title='bbox 636 2808 783 2885; x_wconf 82' lang='lat' dir='ltr'><em>Severum</em></span> <span class='ocrx_word' id='word_1_227' title='bbox 809 2806 1017 2868; x_wconf 75' lang='lat' dir='ltr'><em>Antiochense</em></span> <span class='ocrx_word' id='word_1_228' title='bbox 1048 2810 1195 2869; x_wconf 77' lang='lat' dir='ltr'><em>ecciesiae</em></span> 
     </span>
     <span class='ocr_line' id='line_1_30' title="bbox 80 2892 1196 2975; baseline 0.001 -23"><span class='ocrx_word' id='word_1_229' title='bbox 80 2896 254 2953; x_wconf 81' lang='lat' dir='ltr'><em>invasorem</em></span> <span class='ocrx_word' id='word_1_230' title='bbox 281 2893 507 2975; x_wconf 67' lang='lat' dir='ltr'><em>acephalorum</em></span> <span class='ocrx_word' id='word_1_231' title='bbox 534 2894 777 2972; x_wconf 82' lang='lat' dir='ltr'><em>Autesignanum</em></span> <span class='ocrx_word' id='word_1_232' title='bbox 811 2892 1032 2953; x_wconf 86' lang='lat' dir='ltr'><em>restituendum</em></span> <span class='ocrx_word' id='word_1_233' title='bbox 1060 2898 1196 2954; x_wconf 70' lang='lat' dir='ltr'><em>meavit:</em></span> 
     </span>
     <span class='ocr_line' id='line_1_31' title="bbox 81 2979 1195 3061; baseline -0.002 -21"><span class='ocrx_word' id='word_1_234' title='bbox 81 2982 217 3054; x_wconf 83' lang='lat' dir='ltr'><em>Romae,</em></span> <span class='ocrx_word' id='word_1_235' title='bbox 239 2982 334 3040; x_wconf 88' lang='lat' dir='ltr'><em>eiecto</em></span> <span class='ocrx_word' id='word_1_236' title='bbox 355 2981 503 3061; x_wconf 82' lang='lat' dir='ltr'><em>Sylrerio,</em></span> <span class='ocrx_word' id='word_1_237' title='bbox 524 2980 682 3057; x_wconf 82' lang='lat' dir='ltr'><em>vigilium,</em></span> <span class='ocrx_word' id='word_1_238' title='bbox 704 2979 853 3053; x_wconf 88' lang='lat' dir='ltr'><em>Belisarii‚</em></span> <span class='ocrx_word' id='word_1_239' title='bbox 875 2980 1106 3059; x_wconf 80' lang='lat' dir='ltr'><em>Antoninaeque</em></span> <span class='ocrx_word' id='word_1_240' title='bbox 1127 2992 1195 3038; x_wconf 89' lang='lat' dir='ltr'><em>stu-</em></span> 
     </span>
     <span class='ocr_line' id='line_1_32' title="bbox 82 3061 1194 3147; baseline 0 -24"><span class='ocrx_word' id='word_1_241' title='bbox 82 3062 143 3124; x_wconf 88' lang='lat' dir='ltr'><em>diis</em></span> <span class='ocrx_word' id='word_1_242' title='bbox 163 3068 326 3145; x_wconf 74' lang='lat' dir='ltr'><em>praefecit3</em></span> <span class='ocrx_word' id='word_1_243' title='bbox 357 3084 450 3147; x_wconf 89' lang='lat' dir='ltr'><em>quem</em></span> <span class='ocrx_word' id='word_1_244' title='bbox 473 3062 513 3123; x_wconf 88' lang='lat' dir='ltr'><em>ad</em></span> <span class='ocrx_word' id='word_1_245' title='bbox 535 3063 732 3123; x_wconf 85' lang='lat' dir='ltr'><em>evertendum</em></span> <span class='ocrx_word' id='word_1_246' title='bbox 753 3061 999 3124; x_wconf 76' lang='lat' dir='ltr'><em>chalcedonense</em></span> <span class='ocrx_word' id='word_1_247' title='bbox 1020 3067 1194 3141; x_wconf 85' lang='lat' dir='ltr'><em>concilium,</em></span> 
     </span>
     <span class='ocr_line' id='line_1_33' title="bbox 81 3148 966 3230; baseline -0.001 -21"><span class='ocrx_word' id='word_1_248' title='bbox 81 3160 115 3209; x_wconf 87' lang='lat' dir='ltr'><em>et</em></span> <span class='ocrx_word' id='word_1_249' title='bbox 135 3148 317 3209; x_wconf 84' lang='lat' dir='ltr'><em>Anthimum</em></span> <span class='ocrx_word' id='word_1_250' title='bbox 336 3148 555 3224; x_wconf 85' lang='lat' dir='ltr'><em>revocandum,</em></span> <span class='ocrx_word' id='word_1_251' title='bbox 577 3150 642 3209; x_wconf 84' lang='lat' dir='ltr'><em>fore</em></span> <span class='ocrx_word' id='word_1_252' title='bbox 663 3160 803 3230; x_wconf 85' lang='lat' dir='ltr'><em>paratum</em></span> <span class='ocrx_word' id='word_1_253' title='bbox 823 3152 966 3229; x_wconf 81' lang='lat' dir='ltr'><em>speravit.</em></span> 
     </span>
    </p>

    <p class='ocr_par' dir='ltr' id='par_1_8' title="bbox 80 3233 1194 3742">
     <span class='ocr_line' id='line_1_34' title="bbox 168 3233 1192 3314; baseline 0 -21"><span class='ocrx_word' id='word_1_254' title='bbox 168 3238 204 3293; x_wconf 94' lang='grc' dir='ltr'><em>Ρ.</em></span> <span class='ocrx_word' id='word_1_255' title='bbox 227 3234 303 3310; x_wconf 77' lang='grc'><strong>104,</strong></span> <span class='ocrx_word' id='word_1_256' title='bbox 327 3243 355 3300; x_wconf 89' lang='grc'><em>1.</em></span> <span class='ocrx_word' id='word_1_257' title='bbox 403 3234 593 3295; x_wconf 84' lang='lat' dir='ltr'><em>Connubiale</em></span> <span class='ocrx_word' id='word_1_258' title='bbox 621 3237 673 3293; x_wconf 90' lang='lat' dir='ltr'><em>iuc</em></span> <span class='ocrx_word' id='word_1_259' title='bbox 699 3246 800 3293; x_wconf 91' lang='lat' dir='ltr'><em>totum</em></span> <span class='ocrx_word' id='word_1_260' title='bbox 823 3256 915 3313; x_wconf 88' lang='lat' dir='ltr'><em>penes</em></span> <span class='ocrx_word' id='word_1_261' title='bbox 938 3255 970 3293; x_wconf 86' lang='lat' dir='ltr'><em>ee</em></span> <span class='ocrx_word' id='word_1_262' title='bbox 990 3254 1054 3293; x_wconf 86' lang='lat' dir='ltr'><em>esse</em></span> <span class='ocrx_word' id='word_1_263' title='bbox 1072 3233 1192 3314; x_wconf 84' lang='lat' dir='ltr'><em>voluit]</em></span> 
     </span>
     <span class='ocr_line' id='line_1_35' title="bbox 80 3318 1194 3398; baseline -0.001 -18"><span class='ocrx_word' id='word_1_264' title='bbox 80 3322 167 3398; x_wconf 76' lang='lat' dir='ltr'><em>Lege</em></span> <span class='ocrx_word' id='word_1_265' title='bbox 189 3321 212 3379; x_wconf 91' lang='lat'><em>1.</em></span> <span class='ocrx_word' id='word_1_266' title='bbox 232 3320 253 3385; x_wconf 85' lang='grc'><strong>3</strong></span> <span class='ocrx_word' id='word_1_267' title='bbox 275 3320 312 3379; x_wconf 94' lang='lat' dir='ltr'><em>de</em></span> <span class='ocrx_word' id='word_1_268' title='bbox 334 3320 406 3380; x_wconf 88' lang='lat' dir='ltr'><em>bell.</em></span> <span class='ocrx_word' id='word_1_269' title='bbox 427 3318 530 3380; x_wconf 73' lang='lat' dir='ltr'><em>(totth.</em></span> <span class='ocrx_word' id='word_1_270' title='bbox 552 3320 736 3379; x_wconf 83' lang='lat' dir='ltr'><em>Artabanem</em></span> <span class='ocrx_word' id='word_1_271' title='bbox 756 3322 854 3379; x_wconf 78' lang='lat' dir='ltr'><em>virum</em></span> <span class='ocrx_word' id='word_1_272' title='bbox 876 3318 1074 3394; x_wconf 78' lang='lat' dir='ltr'><em>consularem,</em></span> <span class='ocrx_word' id='word_1_273' title='bbox 1096 3324 1194 3381; x_wconf 88' lang='lat' dir='ltr'><em>comi·</em></span> 
     </span>
     <span class='ocr_line' id='line_1_36' title="bbox 81 3404 1193 3486; baseline 0.001 -22"><span class='ocrx_word' id='word_1_274' title='bbox 81 3417 149 3465; x_wconf 89' lang='lat' dir='ltr'><em>tem</em></span> <span class='ocrx_word' id='word_1_275' title='bbox 173 3416 383 3486; x_wconf 82' lang='lat' dir='ltr'><em>praesentum,</em></span> <span class='ocrx_word' id='word_1_276' title='bbox 415 3425 450 3465; x_wconf 88' lang='lat' dir='ltr'><em>ac</em></span> <span class='ocrx_word' id='word_1_277' title='bbox 477 3404 701 3465; x_wconf 84' lang='lat' dir='ltr'><em>foederatorum</em></span> <span class='ocrx_word' id='word_1_278' title='bbox 722 3408 908 3486; x_wconf 86' lang='lat' dir='ltr'><em>principem,</em></span> <span class='ocrx_word' id='word_1_279' title='bbox 939 3417 974 3463; x_wconf 88' lang='lat' dir='ltr'><em>ut</em></span> <span class='ocrx_word' id='word_1_280' title='bbox 1002 3404 1193 3485; x_wconf 86' lang='lat' dir='ltr'><em>repudiatam</em></span> 
     </span>
     <span class='ocr_line' id='line_1_37' title="bbox 81 3490 1194 3571; baseline 0 -22"><span class='ocrx_word' id='word_1_281' title='bbox 81 3490 204 3571; x_wconf 83' lang='lat' dir='ltr'><em>pridem</em></span> <span class='ocrx_word' id='word_1_282' title='bbox 223 3511 352 3551; x_wconf 87' lang='lat' dir='ltr'><em>uxorem</em></span> <span class='ocrx_word' id='word_1_283' title='bbox 373 3494 530 3571; x_wconf 85' lang='lat' dir='ltr'><em>acciperet,</em></span> <span class='ocrx_word' id='word_1_284' title='bbox 552 3494 682 3551; x_wconf 79' lang='lat' dir='ltr'><em>invitum</em></span> <span class='ocrx_word' id='word_1_285' title='bbox 703 3491 919 3571; x_wconf 83' lang='lat' dir='ltr'><em>nolentemque</em></span> <span class='ocrx_word' id='word_1_286' title='bbox 936 3494 1044 3568; x_wconf 71' lang='lat' dir='ltr'><em>coligit.</em></span> <span class='ocrx_word' id='word_1_287' title='bbox 1087 3494 1194 3549; x_wconf 84' lang='lat' dir='ltr'><em>Proie-</em></span> 
     </span>
     <span class='ocr_line' id='line_1_38' title="bbox 82 3576 1194 3657; baseline 0 -22"><span class='ocrx_word' id='word_1_288' title='bbox 82 3588 165 3635; x_wconf 81' lang='lat' dir='ltr'><em>ctum</em></span> <span class='ocrx_word' id='word_1_289' title='bbox 185 3580 344 3636; x_wconf 87' lang='lat' dir='ltr'><em>iustiniani</em></span> <span class='ocrx_word' id='word_1_290' title='bbox 364 3578 553 3657; x_wconf 85' lang='lat' dir='ltr'><em>imperatoria</em></span> <span class='ocrx_word' id='word_1_291' title='bbox 568 3586 693 3657; x_wconf 84' lang='lat' dir='ltr'><em>neptem</em></span> <span class='ocrx_word' id='word_1_292' title='bbox 708 3577 855 3636; x_wconf 85' lang='lat' dir='ltr'><em>Artabani</em></span> <span class='ocrx_word' id='word_1_293' title='bbox 874 3576 1064 3656; x_wconf 89' lang='lat' dir='ltr'><em>desponsam,</em></span> <span class='ocrx_word' id='word_1_294' title='bbox 1085 3577 1194 3635; x_wconf 87' lang='lat' dir='ltr'><em>loanni</em></span> 
     </span>
     <span class='ocr_line' id='line_1_39' title="bbox 80 3662 484 3742; baseline -0.005 -20"><span class='ocrx_word' id='word_1_295' title='bbox 80 3664 211 3742; x_wconf 88' lang='lat' dir='ltr'><em>Pompei</em></span> <span class='ocrx_word' id='word_1_296' title='bbox 234 3662 296 3722; x_wconf 89' lang='lat' dir='ltr'><em>filio</em></span> <span class='ocrx_word' id='word_1_297' title='bbox 318 3665 484 3741; x_wconf 84' lang='lat' dir='ltr'><em>coniungit.</em></span> 
     </span>
    </p>

    <p class='ocr_par' dir='ltr' id='par_1_9' title="bbox 79 3744 1203 4431">
     <span class='ocr_line' id='line_1_40' title="bbox 169 3744 1191 3824; baseline -0.004 -18"><span class='ocrx_word' id='word_1_298' title='bbox 169 3750 205 3806; x_wconf 95' lang='grc' dir='ltr'><em>Ρ.</em></span> <span class='ocrx_word' id='word_1_299' title='bbox 226 3748 295 3824; x_wconf 76' lang='grc'><strong>104,</strong></span> <span class='ocrx_word' id='word_1_300' title='bbox 314 3754 345 3813; x_wconf 84' lang='grc'><em>7.</em></span> <span class='ocrx_word' id='word_1_301' title='bbox 388 3750 554 3808; x_wconf 88' lang='lat' dir='ltr'><em>Leontium</em></span> <span class='ocrx_word' id='word_1_302' title='bbox 568 3745 819 3823; x_wconf 77' lang='lat' dir='ltr'><em>referendarium,</em></span> <span class='ocrx_word' id='word_1_303' title='bbox 839 3756 867 3803; x_wconf 88' lang='lat' dir='ltr'><em>et</em></span> <span class='ocrx_word' id='word_1_304' title='bbox 884 3744 1100 3815; x_wconf 85' lang='lat' dir='ltr'><em>Saturninum,</em></span> <span class='ocrx_word' id='word_1_305' title='bbox 1121 3744 1191 3824; x_wconf 76' lang='lat' dir='ltr'><em>eta]</em></span> 
     </span>
     <span class='ocr_line' id='line_1_41' title="bbox 81 3832 1191 3913; baseline -0.004 -22"><span class='ocrx_word' id='word_1_306' title='bbox 81 3832 207 3908; x_wconf 84' lang='lat' dir='ltr'><em>Omnes,</em></span> <span class='ocrx_word' id='word_1_307' title='bbox 231 3852 306 3913; x_wconf 87' lang='lat' dir='ltr'><em>quos</em></span> <span class='ocrx_word' id='word_1_308' title='bbox 328 3832 380 3893; x_wconf 88' lang='lat' dir='ltr'><em>hic</em></span> <span class='ocrx_word' id='word_1_309' title='bbox 400 3836 546 3907; x_wconf 88' lang='lat' dir='ltr'><em>nominat,</em></span> <span class='ocrx_word' id='word_1_310' title='bbox 569 3835 627 3891; x_wconf 86' lang='lat' dir='ltr'><em>viri</em></span> <span class='ocrx_word' id='word_1_311' title='bbox 649 3842 720 3892; x_wconf 87' lang='lat' dir='ltr'><em>sunt</em></span> <span class='ocrx_word' id='word_1_312' title='bbox 734 3832 879 3911; x_wconf 86' lang='lat' dir='ltr'><em>primarii.</em></span> <span class='ocrx_word' id='word_1_313' title='bbox 923 3832 968 3888; x_wconf 88' lang='lat' dir='ltr'><em>De</em></span> <span class='ocrx_word' id='word_1_314' title='bbox 984 3832 1112 3889; x_wconf 78' lang='lat' dir='ltr'><em>Leontio</em></span> <span class='ocrx_word' id='word_1_315' title='bbox 1132 3832 1191 3894; x_wconf 79' lang='lat' dir='ltr'><em>l.8</em></span> 
     </span>
     <span class='ocr_line' id='line_1_42' title="bbox 79 3916 1192 4002; baseline -0.004 -25"><span class='ocrx_word' id='word_1_316' title='bbox 79 3918 157 3977; x_wconf 85' lang='lat' dir='ltr'><em>bell.</em></span> <span class='ocrx_word' id='word_1_317' title='bbox 188 3916 292 3978; x_wconf 84' lang='lat' dir='ltr'><em>Gotth.</em></span> <span class='ocrx_word' id='word_1_318' title='bbox 322 3924 375 4002; x_wconf 92' lang='lat' dir='ltr'><em>qui</em></span> <span class='ocrx_word' id='word_1_319' title='bbox 403 3918 443 3979; x_wconf 86' lang='lat' dir='ltr'><em>ad</em></span> <span class='ocrx_word' id='word_1_320' title='bbox 467 3916 718 3980; x_wconf 75' lang='lat' dir='ltr'><em>Theodebereun</em></span> <span class='ocrx_word' id='word_1_321' title='bbox 748 3936 766 3974; x_wconf 89' lang='lat' dir='ltr'><em>a</em></span> <span class='ocrx_word' id='word_1_322' title='bbox 793 3917 960 3975; x_wconf 85' lang='lat' dir='ltr'><em>Iustiniano</em></span> <span class='ocrx_word' id='word_1_323' title='bbox 989 3916 1107 3993; x_wconf 84' lang='lat' dir='ltr'><em>legatus</em></span> <span class='ocrx_word' id='word_1_324' title='bbox 1135 3925 1192 3975; x_wconf 85' lang='lat' dir='ltr'><em>est.</em></span> 
     </span>
     <span class='ocr_line' id='line_1_43' title="bbox 80 4000 1192 4083; baseline -0.002 -20"><span class='ocrx_word' id='word_1_325' title='bbox 80 4006 259 4064; x_wconf 81' lang='lat' dir='ltr'><em>Destinatus</em></span> <span class='ocrx_word' id='word_1_326' title='bbox 288 4026 359 4063; x_wconf 87' lang='lat' dir='ltr'><em>cum</em></span> <span class='ocrx_word' id='word_1_327' title='bbox 388 4008 455 4065; x_wconf 90' lang='lat' dir='ltr'><em>aliis</em></span> <span class='ocrx_word' id='word_1_328' title='bbox 485 4003 523 4064; x_wconf 90' lang='lat' dir='ltr'><em>ad</em></span> <span class='ocrx_word' id='word_1_329' title='bbox 553 4004 797 4083; x_wconf 83' lang='lat' dir='ltr'><em>compilationem</em></span> <span class='ocrx_word' id='word_1_330' title='bbox 821 4001 1007 4081; x_wconf 84' lang='lat' dir='ltr'><em>digestorum</em></span> <span class='ocrx_word' id='word_1_331' title='bbox 1028 4001 1129 4061; x_wconf 79' lang='lat' dir='ltr'><em>Coust.</em></span> <span class='ocrx_word' id='word_1_332' title='bbox 1152 4000 1192 4061; x_wconf 90' lang='lat' dir='ltr'><em>da</em></span> 
     </span>
     <span class='ocr_line' id='line_1_44' title="bbox 81 4084 1191 4167; baseline -0.001 -19"><span class='ocrx_word' id='word_1_333' title='bbox 81 4092 166 4149; x_wconf 83' lang='lat' dir='ltr'><em>conl.</em></span> <span class='ocrx_word' id='word_1_334' title='bbox 190 4095 220 4154; x_wconf 84' lang='lat'><em>9.</em></span> <span class='ocrx_word' id='word_1_335' title='bbox 263 4092 401 4151; x_wconf 84' lang='lat' dir='ltr'><em>Fortasse</em></span> <span class='ocrx_word' id='word_1_336' title='bbox 423 4090 472 4151; x_wconf 93' lang='lat' dir='ltr'><em>hic</em></span> <span class='ocrx_word' id='word_1_337' title='bbox 494 4100 540 4151; x_wconf 89' lang='lat' dir='ltr'><em>est</em></span> <span class='ocrx_word' id='word_1_338' title='bbox 559 4091 613 4149; x_wconf 92' lang='lat' dir='ltr'><em>ille</em></span> <span class='ocrx_word' id='word_1_339' title='bbox 636 4086 841 4149; x_wconf 76' lang='lat' dir='ltr'><em>scholasticus</em></span> <span class='ocrx_word' id='word_1_340' title='bbox 863 4089 917 4167; x_wconf 86' lang='lat' dir='ltr'><em>(ex</em></span> <span class='ocrx_word' id='word_1_341' title='bbox 938 4084 986 4145; x_wconf 89' lang='lat' dir='ltr'><em>his</em></span> <span class='ocrx_word' id='word_1_342' title='bbox 1008 4089 1090 4146; x_wconf 88' lang='lat' dir='ltr'><em>enim</em></span> <span class='ocrx_word' id='word_1_343' title='bbox 1109 4088 1191 4147; x_wconf 84' lang='lat' dir='ltr'><em>reie-</em></span> 
     </span>
     <span class='ocr_line' id='line_1_45' title="bbox 80 4174 1190 4257; baseline -0.002 -23"><span class='ocrx_word' id='word_1_344' title='bbox 80 4174 237 4255; x_wconf 77' lang='lat' dir='ltr'><em>teuderii)</em></span> <span class='ocrx_word' id='word_1_345' title='bbox 267 4181 352 4236; x_wconf 86' lang='lat' dir='ltr'><em>ouius</em></span> <span class='ocrx_word' id='word_1_346' title='bbox 375 4188 480 4235; x_wconf 86' lang='lat' dir='ltr'><em>extant</em></span> <span class='ocrx_word' id='word_1_347' title='bbox 506 4177 731 4256; x_wconf 86' lang='lat' dir='ltr'><em>elegantissima</em></span> <span class='ocrx_word' id='word_1_348' title='bbox 752 4178 980 4257; x_wconf 83' lang='lat' dir='ltr'><em>epigrammata.</em></span> <span class='ocrx_word' id='word_1_349' title='bbox 1022 4175 1110 4233; x_wconf 78' lang='lat' dir='ltr'><em>Alius</em></span> <span class='ocrx_word' id='word_1_350' title='bbox 1134 4183 1190 4248; x_wconf 85' lang='lat' dir='ltr'><em>est,</em></span> 
     </span>
     <span class='ocr_line' id='line_1_46' title="bbox 81 4257 1190 4343; baseline -0.004 -23"><span class='ocrx_word' id='word_1_351' title='bbox 81 4264 138 4341; x_wconf 88' lang='lat' dir='ltr'><em>qui</em></span> <span class='ocrx_word' id='word_1_352' title='bbox 158 4263 215 4321; x_wconf 89' lang='lat' dir='ltr'><em>sub</em></span> <span class='ocrx_word' id='word_1_353' title='bbox 237 4264 403 4323; x_wconf 87' lang='lat' dir='ltr'><em>Iustiniana</em></span> <span class='ocrx_word' id='word_1_354' title='bbox 422 4265 540 4343; x_wconf 86' lang='lat' dir='ltr'><em>scripsit</em></span> <span class='ocrx_word' id='word_1_355' title='bbox 562 4260 599 4321; x_wconf 90' lang='lat' dir='ltr'><em>de</em></span> <span class='ocrx_word' id='word_1_356' title='bbox 622 4264 730 4336; x_wconf 80' lang='lat' dir='ltr'><em>sectis3</em></span> <span class='ocrx_word' id='word_1_357' title='bbox 759 4273 789 4323; x_wconf 90' lang='lat' dir='ltr'><em>et</em></span> <span class='ocrx_word' id='word_1_358' title='bbox 809 4257 993 4335; x_wconf 88' lang='lat' dir='ltr'><em>monachus,</em></span> <span class='ocrx_word' id='word_1_359' title='bbox 1022 4261 1107 4318; x_wconf 85' lang='lat' dir='ltr'><em>ouius</em></span> <span class='ocrx_word' id='word_1_360' title='bbox 1127 4258 1190 4337; x_wconf 76' lang='lat' dir='ltr'><em>ey-</em></span> 
     </span>
     <span class='ocr_line' id='line_1_47' title="bbox 81 4342 1203 4431; baseline -0.001 -27"><span class='ocrx_word' id='word_1_361' title='bbox 81 4348 171 4407; x_wconf 84' lang='lat' dir='ltr'><em>rillus</em></span> <span class='ocrx_word' id='word_1_362' title='bbox 192 4350 331 4408; x_wconf 88' lang='lat' dir='ltr'><em>meminit</em></span> <span class='ocrx_word' id='word_1_363' title='bbox 351 4348 408 4411; x_wconf 88' lang='lat' dir='ltr'><em>snb</em></span> <span class='ocrx_word' id='word_1_364' title='bbox 425 4346 535 4409; x_wconf 88' lang='lat' dir='ltr'><em>eodem</em></span> <span class='ocrx_word' id='word_1_365' title='bbox 554 4352 747 4431; x_wconf 86' lang='lat' dir='ltr'><em>imperatore.</em></span> <span class='ocrx_word' id='word_1_366' title='bbox 789 4350 995 4429; x_wconf 80' lang='lat' dir='ltr'><em>Hermogenes</em></span> <span class='ocrx_word' id='word_1_367' title='bbox 1015 4342 1074 4405; x_wconf 81' lang='lat' dir='ltr'><em>fuit</em></span> <span class='ocrx_word' id='word_1_368' title='bbox 1094 4356 1203 4427; x_wconf 68' lang='lat' dir='ltr'><em>quw</em></span> 
     </span>
    </p>
   </div>
   <div class='ocr_carea' id='block_1_3' title="bbox 0 0 1484 4792">
    <p class='ocr_par' dir='ltr' id='par_1_10' title="bbox 0 0 1484 4792">
     <span class='ocr_line' id='line_1_48' title="bbox 0 0 1484 4792; baseline 0 1"><span class='ocrx_word' id='word_1_369' title='bbox 0 0 1484 4792; x_wconf 95' lang='lat' dir='ltr'><em> </em></span> 
     </span>
    </p>
   </div>
  </div>
 </body>
</html>
