2959 4792
233 365 310 436 380
581 365 627 433 ΙΝ
653 365 764 433 HIST.
788 365 987 434 auctum

315 535 351 592 P.
371 533 429 608 60,
452 530 484 599 5.
528 531 613 594 Inter
636 530 830 612 prostibulae
849 529 998 614 ίιαὸιίιιν]
1027 530 1187 596 Airnoinus
1208 533 1276 600 Li
1303 531 1343 594 (le

232 621 316 684 (lest.
338 621 445 677 trano.
467 639 495 677 c.
518 617 538 684 6
561 617 743 678 Theodorae
763 622 970 678 meretricium
990 621 1100 696 refert3
1122 630 1153 679 at
1173 619 1207 678 id
1227 621 1342 699 ipsum,

232 716 323 786 atqua
343 714 439 764 totam
461 703 499 763 de
518 706 695 779 Iustiniana,
720 703 878 780 Belisario,
901 724 1067 786 eorumque
1089 706 1269 786 coniugibus
1290 706 1343 764 hi-

231 793 356 850 storiam
376 801 441 850 tam
460 789 633 871 prodigiose
653 799 771 866 namt,
795 801 831 848 ut
853 794 955 871 potius
978 811 1019 850 ex
1040 794 1341 869 eunomiumne,

232 897 268 934 uc
288 877 349 934 lavi
369 879 515 958 tenuique
535 877 620 935 fama
641 895 706 935 ram
731 879 881 956 accepisse
902 875 1056 954 videatur,
1079 897 1172 959 quam
1194 898 1234 936 ex
1256 897 1342 938 com-

230 959 374 1020 mendate
402 963 510 1022 litteris
540 959 676 1021 historia.
720 961 934 1040 lautinianua,
964 965 1078 1042 inquit,
1109 974 1138 1021 et
1163 964 1342 1022 Beluariue

232 1045 371 1127 quadam
400 1047 450 1106 dle
478 1067 549 1106 curn
578 1049 780 1130 coaequaevis
806 1047 867 1106 eibi
897 1048 1031 1128 lupanar
1058 1050 1190 1128 ingressi
1217 1051 1344 1128 compi-

231 1138 319 1192 clunt
346 1133 427 1193 duae
448 1134 650 1193 mulierculae
670 1153 704 1192 ex
722 1143 812 1214 gente
831 1132 1023 1212 Amazonum
1044 1145 1125 1192 sorte
1149 1136 1344 1213 captivitatis

231 1216 386 1278 abductae
413 1219 492 1278 r'nr'br'
521 1239 584 1278 eece
606 1225 813 1300 prostitutae3
846 1240 899 1278 eae
926 1219 978 1277 ι’ίίί
1003 1221 1148 1299 rapiunt,
1177 1229 1271 1299 atque
1297 1218 1346 1278 ad

226 1307 375 1384 proprias
395 1304 502 1364 domae
523 1303 688 1369 deducunt.
738 1305 800 1363 Uni
819 1326 924 1364 eorum
944 1325 1051 1363 nomen
1079 1301 1251 1382 tteodora,
1273 1305 1344 1364 alla

230 1391 587 1452 vocabaturAntcnlna.
630 1392 673 1449 Et
696 1387 884 1454 Theodoram
904 1388 1028 1472 quidem
1041 1386 1252 1469 imitaturus,
1271 1389 1344 1450 Aa·

231 1477 371 1535 laninam
393 1497 463 1535 vero
484 1477 662 1536 Belisarr'ur
683 1477 809 1554 accepit.

317 1563 354 1620 P.
372 1565 423 1637 60,
444 1564 474 1625 8.
519 1562 627 1620 Μίιιιίε
647 1563 682 1618 in
702 1559 840 1639 theatro]
870 1562 907 1617 In
934 1579 1039 1618 eorum
1059 1559 1230 1641 spectacrla
1251 1580 1344 1641 saepe

232 1655 334 1724 patres
364 1644 567 1722 invehuntur3
599 1648 697 1705 acrius
728 1648 856 1706 loannes
885 1641 1138 1726 chrysostomus:
1171 1665 1208 1704 ea
1238 1655 1346 1705 tamen

232 1723 392 1790 lastiniani
412 1732 599 1812 temporibus
620 1733 757 1790 maxime
778 1730 932 1810 vigebant.
972 1733 1051 1790 Nam
1072 1751 1114 1790 ex
1133 1741 1251 1811 septem
1269 1753 1344 1791 mu-

232 1817 374 1892 neribus,
412 1835 490 1898 quae
522 1835 541 1875 a
569 1817 746 1876 consulibus
777 1816 892 1896 populo
920 1819 1081 1897 quotannis
1110 1815 1344 1893 exhibebantur,

233 1901 376 1980 quintum
402 1900 462 1961 hoo
491 1912 570 1978 erat,
600 1904 739 1980 Pomae,
770 1911 930 1976 vocatum,
964 1899 1002 1960 de
1034 1920 1096 1983 qno
1126 1904 1249 1962 novella
1269 1903 1346 1966 106.

235 1987 389 2066 Quintum
410 2009 531 2069 quoque
548 1987 652 2067 saciet
667 2007 862 2067 processum,
894 1985 981 2066 quod
1005 1987 1050 2044 ad
1069 1989 1225 2046 theatrum
1246 1985 1346 2064 ducit,

232 2093 323 2152 quem
336 2076 459 2132 Parnas
480 2085 611 2136 uocant.-
632 2073 687 2134 ubl
707 2075 742 2132 ιἰι
761 2093 853 2132 acerra
872 2072 1079 2131 ridiculorum
1099 2084 1143 2132 eet
1163 2074 1253 2132 ίοοιιε
1273 2084 1346 2132 tra·

227 2157 348 2238 gordia,
369 2171 397 2218 et
420 2159 604 2240 Thymelr'cr's
625 2159 737 2233 clrorr'a,
760 2169 789 2217 et
807 2158 994 2239 epectaaulrssr
1014 2161 1178 2238 univerar's,
1198 2168 1227 2218 et
1248 2157 1347 2218 audl-

230 2243 346 2303 bilibus
366 2255 508 2323 apertum
529 2256 573 2304 eet
593 2244 758 2306 theatrum.

315 2333 353 2389 P.
371 2331 431 2406 60,
454 2332 504 2394 13.
549 2331 692 2410 Inflictus
714 2330 828 2409 alapae
854 2328 1043 2389 tumentibus
1061 2331 1152 2411 genia
1172 2329 1345 2412 excipiens]

229 2419 297 2474 Hoc
317 2417 482 2494 spectaculi
510 2435 606 2495 genus
632 2417 765 2474 carmine
786 2416 949 2494 Gregorius
970 2419 1178 2478 Nazianzenus
1199 2421 1346 2499 exposuit

230 2497 265 2562 ἐν
286 2505 329 2584 τῷ
352 2495 548 2581 Νικοβούίον
569 2497 644 2582 πρὸς
665 2497 717 2563 τὸν
736 2498 861 2580 ποτέρα.

639 2581 764 2670 ὕβρεσιν
786 2581 872 2648 ἄλλοι

317 2663 460 2751 οἷνδροῖν,
482 2671 672 2752 θηλυτέρων,
693 2668 892 2752 πολυκαρπία
910 2668 1021 2751 τέρψιν
1042 2669 1167 2751 ίχοντες,

317 2754 371 2818 ναί
393 2757 494 2836 μίμων
515 2763 660 2840 στιεροῖσι
681 2758 884 2838 ῥαπίσμασιν,
909 2749 957 2829 οίς
976 2751 1039 2819 ὕπο
1059 2750 1160 2838 solia

316 2846 486 2924 γυμνοῦται
506 2845 669 2922 ψοφίουσσ
689 2842 822 2924 γελοίϊον
843 2835 913 2904 cirri
931 2834 1027 2922 γόοιο.

319 2927 414 2986 Nunc
433 2930 467 2986 ln
479 2927 660 3006 foemineis,
682 2947 766 2987 nunc
786 2930 820 2986 ἰιι
834 2925 1020 3006 probrisque
1038 2927 1178 2985 virorum

317 3014 408 3072 Dum
428 3016 533 3073 varior
553 3017 653 3072 animi
673 3013 781 3088 luaue,
801 3023 830 3070 et
848 3008 974 3092 gaudia
994 3021 1149 3092 quaerunt

317 3099 522 3180 Prospiciunt
543 3097 632 3160 aridi
653 3098 896 3178 cclaplu'emata5
918 3100 1007 3178 queis
1026 3097 1087 3156 sibl
1107 3096 1211 3154 malae

317 3185 406 3242 Dum
427 3195 566 3265 retegunt
586 3186 652 3256 llll,
674 3187 796 3243 eonltue
815 3186 1009 3263 crepitusque
1028 3186 1136 3257 cietur,

316 3269 367 3326 Ex
388 3289 448 3348 quo
465 3291 525 3350 pra
548 3271 694 3348 lacrymis
715 3273 818 3328 oritur
834 3271 1012 3350 gemituque
1033 3267 1214 3328 cachinnus.

232 3355 272 3412 Et
294 3350 333 3410 ad
346 3353 520 3432 Seleucum,
542 3361 628 3436 μῖμοι
650 3357 774 3437 γελοίων
794 3349 956 3428 κονδύλοις
975 3353 1156 3435 εἰθισμένοι.
1200 3353 1347 3429 Scurrae,

233 3437 348 3519 quibus
360 3439 457 3518 feriri
478 3461 545 3498 mor
560 3461 739 3520 pugnorum
756 3440 884 3500 'ictibua
926 3441 1059 3500 Tertull.
1081 3441 1135 3498 lib.
1157 3436 1196 3496 de
1217 3447 1349 3517 spectat.

231 3523 439 3668 frqrtumeliis
459 3526 628 3608 alaparum
650 3527 697 3584 er'c
717 3525 839 3608 obiicit,
868 3528 961 3606 quael
982 3523 1020 3584 de
1042 3535 1205 3605 praecepta
1224 3522 1348 3582 domini

246 3631 266 3668 u
291 3621 334 3672 at.

315 3697 353 3754 P.
368 3695 426 3770 63,
447 3691 479 3758 4.
522 3695 559 3757 In
581 3694 781 3754 mulierculae
802 3691 938 3754 eiuedem
959 3693 1088 3772 tlreatrr]
1116 3696 1168 3753 Ex
1187 3695 1347 3772 Byzantiis

229 3781 438 3840 meretricibus
461 3778 537 3842 duas
557 3791 676 3840 tantum
697 3777 805 3840 habuit
823 3783 935 3840 auriam
949 3777 1123 3855 Theodora,
1145 3776 1347 3858 chrysomel-

229 3865 294 3922 lam
316 3877 346 3924 et
367 3865 525 3942 Indaram3
554 3886 630 3949 quas
650 3877 720 3946 post
742 3877 900 3946 acceptum
921 3868 1085 3945 imperium
1102 3869 1136 3923 iu
1157 3868 1241 3943 regia
1261 3862 1347 3945 apud

231 3947 314 4028 apud
334 3971 367 4008 sc
385 3955 542 4027 continuit,
565 3963 596 4010 et
615 3955 712 4012 socias
733 3949 842 4010 habuit
862 3955 1069 4011 consiliorum.
1113 3948 1234 4023 Suidus,
1259 3953 1347 4030 Χρυ-

231 4030 371 4114 aquatici
394 4032 492 4116 ὄνομα
516 4034 723 4120 ὀρχηστρίδος,
745 4033 809 4100 alra
828 4036 956 4121 ἑταίρας.
999 4034 1132 4118 ἤκμαζεν
1153 4034 1204 4098 lul
1222 4031 1348 4098 Ἰονστι-

230 4118 415 4182 enarraturi
437 4119 605 4200 Θεοδώρος.
650 4123 881 4202 Clrryaomalla,
910 4143 1018 4183 nomen
1045 4133 1090 4181 est
1114 4120 1347 4196 caltatrr‘culae,

230 4227 270 4263 ac
286 4199 481 4286 postmodum
495 4210 668 4283 meretricia,
690 4231 772 4290 quae
785 4209 909 4267 celebria
920 4209 1177 4286 fuitluetlnr'anr'
1197 4216 1227 4264 et
1246 4206 1348 4264 Theo-

231 4289 325 4350 dorae
341 4293 536 4370 temporibus.
577 4297 681 4353 innuit
701 4293 794 4354 huius
811 4293 956 4354 historiae
976 4296 1078 4353 locum
1097 4294 1178 4356 infra
1197 4313 1230 4372 p.
1244 4292 1299 4355 78.

314 4379 352 4438 P.
368 4381 420 4456 63,
442 4377 474 4445 6.
518 4381 696 4461 Pentapolis
711 4381 880 4464 praesecto]
910 4383 989 4443 Eam
1007 4379 1168 4460 intelligit,
1196 4395 1276 4462 quae
1297 4388 1349 4438 est
1478 4436 1479 4439 ,
