2959 4792
252 281 326 355 360
600 275 647 346 nt
671 273 781 344 HIST.
805 273 999 344 satanan

251 447 389 507 celliuus.
431 444 489 503 Hic
509 451 629 502 senator
642 441 701 502 fuit
721 442 832 502 illustri
851 442 920 502 loco
939 451 1039 518 natus,
1061 441 1174 504 coniux
1185 441 1348 520 Preiectae,

251 555 307 593 seu
327 531 480 590 Proiectae
502 528 681 607 vigilantiae
702 530 860 588 lustiniuui
881 528 991 586 sororis
1011 529 1110 604 tiliae,
1133 547 1226 610 quae,
1250 535 1349 592 occiso

250 620 284 677 in
312 617 413 676 Africa
441 611 638 693 Areobyndo,
668 633 738 672 cuna
763 615 875 672 Ioanne
898 615 1026 694 Pompei
1053 615 1204 674 Anastasii
1230 619 1349 696 nepotis

250 703 313 762 filio
348 701 574 760 matrimonium
614 699 775 758 contraxit.
831 699 990 757 Praeterea
1024 701 1118 778 gessit
1149 701 1349 782 Areobyndus

250 799 408 866 utramque
429 786 665 865 praefecturam,
686 783 832 842 urbanam
853 795 884 842 et
903 786 1134 864 praetorianam.

334 874 370 930 P.
383 871 475 945 48,1.
518 867 556 928 Iu
568 869 677 948 Ildsria
696 869 776 946 nats]
798 871 863 928 lloc
882 868 966 928 idem
982 867 1162 929 Theodorus
1180 872 1299 945 Lector,
1319 879 1351 929 et

251 954 465 1038 Theophanes,
491 956 593 1016 Victor
613 956 705 1013 etiam
724 955 898 1015 Tunnensis
919 956 1057 1035 Procopii
1078 956 1221 1035 aequahs,
1243 953 1351 1034 lllyri-

250 1047 376 1104 cionnm
396 1044 546 1100 lustinum
566 1039 639 1098 dicit
659 1041 691 1100 iu
714 1036 881 1116 Chroni003
910 1037 966 1099 sed
986 1037 1147 1100 Zacharias
1168 1038 1250 1121 apud
1269 1044 1351 1100 Eva-

253 1131 353 1208 grimn
373 1127 396 1184 l.
419 1125 439 1188 4
460 1145 486 1184 c.
512 1130 546 1201 1,
578 1135 608 1183 et
628 1125 758 1184 Basilius
778 1125 861 1182 Cilix
888 1122 969 1204 apud
989 1123 1133 1184 Photium
1153 1128 1185 1183 in
1204 1125 1352 1186 Biblioth.

252 1225 281 1273 et
304 1213 357 1294 qui
376 1221 446 1292 post
461 1212 642 1290 Procopium
662 1213 845 1289 scripserunt
864 1208 1009 1286 historici,
1036 1212 1183 1270 Thracem
1201 1212 1352 1270 lustinum

251 1308 370 1358 vocant.
413 1298 496 1354 Bene
518 1307 581 1370 est;
602 1315 675 1354 nam
694 1293 860 1370 Bederina,
885 1315 977 1376 quae,
998 1306 1034 1354 ut
1050 1297 1155 1355 statim
1175 1299 1218 1355 ait
1238 1299 1352 1357 Proco-

250 1387 336 1466 pius,
369 1383 485 1440 liutino
505 1383 601 1461 patria
622 1381 700 1456 fuit,
729 1381 764 1438 in
789 1382 953 1441 limitaneis
974 1381 1115 1460 illyriae,
1142 1379 1352 1463 Thraciaeque

252 1473 332 1547 agris
352 1469 408 1526 situ
433 1476 506 1524 erat.
548 1469 641 1525 Porro
662 1467 839 1544 saepissime
864 1465 913 1540 fit,
942 1476 978 1524 nt
1004 1485 1081 1546 quae
1107 1465 1196 1525 urbes
1226 1466 1354 1527 duarmn

251 1555 482 1634 provinciarum,
504 1553 555 1608 rel
574 1550 648 1610 fines
669 1552 850 1625 terminant,
870 1550 921 1610 vel
942 1553 1020 1610 circa
1039 1551 1114 1610 fines
1136 1562 1215 1626 sunt,
1235 1555 1269 1610 iu
1286 1573 1354 1611 am-

251 1641 359 1697 barum
381 1647 481 1716 partes
507 1633 670 1716 aliquando
700 1635 737 1694 ab
766 1635 918 1695 autoribus
938 1637 1025 1694 nullo
1046 1635 1219 1696 discrimine
1240 1636 1354 1696 admit-

251 1733 371 1797 tantur3
400 1723 576 1801 praesertim
603 1739 673 1778 cum
695 1721 919 1800 provinciarum
942 1723 1118 1800 partitiones
1145 1741 1207 1780 uon
1228 1722 1354 1782 eaedem

252 1805 334 1888 apud
363 1826 467 1866 omues
496 1803 683 1884 geographos
715 1816 746 1864 et
777 1803 934 1864 historicos
960 1808 1030 1864 siut.
1079 1809 1181 1865 Etiam
1207 1807 1353 1886 Agathias
1401 1862 1405 1869 .

252 1893 316 1956 l.5
344 1889 526 1950 Bederiuam
552 1895 584 1948 iu
604 1891 708 1968 Illyria
737 1890 882 1950 collocata
914 1892 1096 1951 lastinianus
1117 1893 1239 1950 novella
1262 1899 1298 1957 11
1321 1894 1353 1952 in
1456 1942 1457 1949 ,

251 1975 383 2038 secunda
403 1977 577 2056 Pannonia3
600 1995 706 2037 rerum
726 1973 803 2036 haec
822 1973 902 2036 nihil
922 1973 1103 2057 discrepant,
1124 1987 1158 2038 ut
1180 1980 1285 2037 statim
1304 1978 1354 2038 di-

254 2083 354 2122 cemus
376 2064 431 2121 lin.
456 2065 506 2126 18·
1456 2102 1457 2113 .

338 2148 434 2222 P.43,
446 2152 474 2211 1.
498 2143 841 2231 Fuercendisqneagris
856 2148 982 2228 matuta]
1003 2145 1097 2208 Addit
1110 2150 1244 2208 Zonaras
1261 2149 1355 2208 lusti·
1456 2216 1457 2219 Ἴ

251 2253 327 2292 num
347 2233 440 2291 fuisse
463 2225 612 2312 βουκόλον
630 2235 682 2296 καὶ
700 2227 868 2317 συφορβόν,
888 2237 1107 2293 armentarium
1129 2245 1158 2292 et
1179 2233 1352 2309 subulcum,

251 2339 271 2378 a
292 2338 352 2399 quo
368 2321 554 2397 Pomponius
568 2320 678 2378 Laetus
698 2321 730 2377 in
751 2320 875 2394 Iustino,
896 2318 1031 2379 Andreas
1045 2321 1180 2378 Aleiatus
1202 2317 1353 2400 dispunot.

252 2403 273 2467 4
296 2423 321 2461 c.
344 2408 364 2467 7
386 2414 415 2462 et
437 2403 489 2460 alii
510 2414 697 2483 acceperuut.
740 2401 825 2463 Nihil
843 2404 951 2463 fuisset
971 2408 1070 2483 magis
1090 2403 1127 2462 ab
1150 2425 1192 2480 ra,
1214 2406 1354 2486 quamsi

250 2490 401 2546 lustinum
423 2488 489 2546 loco
505 2507 568 2547 non
589 2487 700 2548 humili
721 2490 833 2564 solum,
853 2488 908 2548 sed
928 2491 1020 2548 etiam
1040 2487 1162 2549 sordido
1181 2501 1289 2548 iratum
1305 2489 1354 2548 hic

251 2575 385 2632 siluisset
407 2575 582 2653 Procopius.
624 2575 718 2634 Secus
740 2575 809 2649 alii,
831 2576 980 2633 Anicium
998 2575 1153 2649 feceruut,
1174 2595 1286 2656 nempe
1306 2577 1354 2633 fa-

164 2667 236 2722 Α14
254 2660 367 2732 miliae,
391 2659 596 2716 Romanorum
617 2661 764 2734 omnium,
787 2660 840 2739 qui
859 2657 978 2720 Christo
997 2663 1122 2719 nomina
1143 2658 1300 2734 dederunt,
1321 2670 1355 2718 ut
1456 2652 1457 2661 ¹

160 2735 184 2789 P
202 2737 236 2792 99
254 2741 435 2802 Prudentius
457 2745 499 2800 ait
517 2743 540 2801 l.
564 2749 583 2809 1
603 2756 705 2804 contra
727 2743 963 2824 Symmachum,
994 2748 1172 2826 antiquitate
1193 2755 1224 2803 et
1244 2747 1357 2804 nobili-

251 2839 312 2888 tate
333 2829 618 2908 praestantissimae.
661 2831 774 2888 Parum
793 2831 892 2905 refert,
915 2827 998 2910 quod
1017 2833 1051 2888 in
1071 2831 1201 2911 antiquis
1221 2831 1355 2890 nummis

250 2916 301 2975 rel
321 2915 470 2973 fastorum
490 2914 640 2974 laterculis
661 2916 804 2990 Iustinus,
826 2914 959 2974 Anicius
978 2912 1143 2990 habeatur,
1165 2935 1239 2973 nam
1255 2917 1354 2991 illmn,

249 3011 284 3058 ut
307 3019 346 3057 ex
366 2999 464 3058 milite
486 3001 623 3078 gregario
643 3001 750 3079 palatii
770 3019 874 3059 curam
895 3003 1025 3081 accepit,
1046 3011 1077 3060 et
1096 2998 1355 3081 quemadmodum

250 3082 431 3145 Theodorus
454 3087 562 3143 hector
580 3087 632 3160 ait,
653 3086 773 3165 patricii
793 3083 941 3145 honorem
961 3096 1156 3159 consecutus,
1179 3096 1210 3143 et
1230 3089 1265 3144 iu
1286 3088 1354 3145 albo

250 3181 424 3230 senatorum
446 3173 631 3252 conscriptus
652 3171 719 3246 fuit,
740 3191 812 3231 vero
833 3173 933 3231 simile
953 3181 1000 3231 est
1020 3171 1058 3229 ab
1080 3173 1234 3230 Anicianis
1254 3174 1287 3228 in
1306 3173 1355 3229 fa-

248 3258 367 3315 miliam
387 3255 481 3314 fuisse
503 3266 686 3336 cooptatum,
708 3256 758 3315 vel
776 3254 901 3316 taudem
913 3257 972 3316 sibi
986 3254 1020 3315 id
1030 3257 1163 3315 nominis
1180 3255 1353 3330 adscivisse,

250 3361 321 3400 cum
347 3344 509 3421 imperator
534 3352 580 3400 est
601 3342 792 3422 appellatus,
824 3344 903 3402 sicut
924 3344 1016 3401 etiam
1036 3343 1069 3399 iu
1089 3339 1200 3402 iisdem
1220 3344 1354 3400 nummis

249 3427 397 3486 Plocium
426 3445 459 3485 se
484 3427 635 3503 inscribit,
662 3437 693 3486 et
713 3427 894 3507 Lupicinam
916 3430 1075 3506 coniugem
1103 3447 1144 3485 ex
1169 3447 1257 3487 serva
1277 3428 1355 3485 Fla-

249 3515 334 3573 viam
361 3522 523 3591 nuncupat.
567 3509 655 3584 Quod
680 3531 721 3571 ex
748 3513 977 3591 imperatoribus
998 3509 1175 3572 Christianis
1201 3514 1353 3572 factitasse

251 3597 496 3672 Constantinum,
520 3599 644 3678 eiusque
664 3608 782 3678 patrem
803 3599 1029 3672 Constantium,
1053 3593 1162 3655 deinde
1181 3599 1275 3674 alios,
1296 3618 1354 3657 no-

251 3693 319 3739 tum
349 3693 404 3740 est.
448 3683 499 3742 Sic
529 3685 621 3741 etiam
650 3683 778 3762 accipias
811 3683 913 3742 locum
939 3681 1096 3741 lornandis
1127 3683 1181 3740 lib.
1204 3703 1263 3741 rer.
1286 3685 1354 3741 Get.

253 3777 406 3840 extremo,
435 3766 487 3826 ubi
508 3769 693 3826 Gennanum
712 3769 869 3828 Iustiniani
891 3769 990 3828 fratris
1010 3767 1108 3824 filimn
1127 3768 1206 3825 inter
1226 3767 1354 3825 Anteae
1456 3806 1457 3813 κ

252 3852 353 3908 refert.
397 3850 459 3910 Sed
481 3851 669 3912 emendanda
689 3855 812 3913 omnino
827 3864 873 3912 est
887 3851 979 3911 editio
994 3854 1171 3934 Parisiensis
1186 3851 1354 3912 Cassiodori

252 3934 275 3992 l.
299 3938 329 3998 8.
352 3937 421 3994 var.
444 3938 531 4015 epist.
552 3939 662 4017 prima.
705 3939 783 3998 Non
810 3959 866 3997 vor
891 3942 1044 3997 maiorum
1062 3949 1260 4015 purpuratus
1287 3949 1355 3995 tan·

253 4029 317 4077 tum
340 4017 414 4078 ordo
438 4022 600 4100 clarificat,
624 4033 679 4082 etc.
705 4033 858 4103 quantum
878 4023 967 4104 longe
986 4023 1107 4102 lateque
1121 4032 1233 4101 potens
1245 4023 1354 4102 gratia
1456 4024 1457 4029 ’

252 4113 356 4163 vestra
375 4103 527 4169 nobilitat.
570 4110 664 4187 Lego,
685 4129 748 4167 non
768 4129 835 4184 noa,
854 4127 928 4168 nam
947 4106 1120 4168 Athalarici'
1133 4119 1220 4188 pater
1239 4105 1354 4166 liutha-

252 4191 331 4249 ricus
360 4192 550 4250 ccusulatum
579 4195 671 4272 gessit
693 4213 764 4253 cum
782 4194 916 4270 Iustino,
942 4190 1153 4254 Theodoricus
1173 4196 1258 4252 Avus
1287 4209 1354 4250 oum
1456 4234 1457 4245 .

252 4277 416 4353 Venautio,
439 4275 662 4339 Theodemirus
682 4299 813 4360 proavus
835 4289 866 4339 et
886 4299 960 4342 arus
980 4281 1046 4362 ipse
1066 4276 1249 4339 Gotthorum
1270 4295 1353 4357 reges
1456 4316 1457 4319 η
