2959 4792
247 283 324 357 tto
596 286 642 356 m
666 284 777 357 nist.
803 286 1000 371 momen

330 454 367 512 P.
385 452 436 528 80,
458 454 489 517 7.
532 452 674 511 Sabinu·
696 452 849 534 coniugio]
873 455 932 513 Hie
955 454 1014 513 fuit
1032 452 1193 513 lattiniani
1213 454 1349 535 impera·

245 541 318 598 toris
346 548 440 618 pater.
484 537 635 599 Amoldus
664 542 762 599 Urion
789 538 885 618 gradu
906 542 1053 599 Aniciano
1077 542 1224 618 vigesimo
1253 540 1349 598 aliurn

243 626 286 683 ita
307 626 557 684 comminiscitur:
577 624 710 683 Anteius
725 626 898 685 Germanae
912 626 1042 699 Probae,
1055 624 1163 685 Anicii
1177 626 1350 685 luetinr'ani

243 711 341 770 Probi
351 710 452 790 filiae.
501 710 537 768 V.
552 706 583 773 0.
600 710 689 769 nulla
704 711 771 769 alia
791 732 824 769 re
844 711 952 769 clarae
972 722 1165 788 memoratur,
1186 714 1250 770 nisi
1263 708 1351 791 quod

244 818 279 856 ex
292 840 404 858 ......
418 794 536 854 Anicia
549 816 650 854 eorore
663 795 774 854 Anicii
786 797 901 857 lurtini
915 800 1118 875 imperatori-r,
1135 818 1217 876 quae
1231 799 1258 853 ei
1271 818 1350 856 uxor

236 884 317 962 fuit,
330 880 420 959 filioe
441 882 546 939 tulerit
565 881 773 958 Vitalianum,
795 883 995 957 Germanum,
1016 893 1044 940 et
1059 881 1269 941 lautinianum
1290 886 1349 941 im-

237 978 419 1048 peratorem,
443 976 471 1023 et
484 966 594 1045 filiam
608 968 811 1045 Biglentiam.
857 970 973 1027 Nomen
990 970 1055 1025 eius
1070 970 1102 1025 in
1118 968 1258 1026 leistoriie
1277 969 1349 1049 qui-

243 1052 310 1111 dem
331 1072 392 1110 non
413 1056 577 1131 reperitur5
598 1051 782 1111 addidimus
802 1064 904 1113 tamen
924 1051 1090 1128 iliadum,
1109 1064 1174 1111 tum
1189 1052 1255 1131 filii
1272 1056 1349 1113 Ger-

243 1139 331 1197 mani
359 1140 547 1214 coniectura,
579 1149 644 1196 tum
673 1141 766 1196 etiam
792 1137 876 1218 quod
901 1142 1023 1197 omnino
1045 1138 1231 1196 arbitremur
1258 1138 1348 1197 illum

246 1225 434 1284 Germanum
454 1243 533 1297 eeee,
558 1221 603 1281 ael
623 1244 711 1302 quem
731 1234 814 1281 extat
833 1221 1021 1282 Hormiedae
1036 1244 1140 1303 papae
1159 1224 1291 1303 epistola
1308 1222 1348 1288 54

243 1320 314 1368 tom.
338 1312 367 1371 1.
411 1311 468 1387 Ep.
492 1306 600 1367 decret.
625 1313 658 1367 in
680 1330 740 1389 qua
762 1310 993 1367 illuetrieeimue
1013 1321 1156 1384 vocatur,
1184 1308 1349 1367 lrortatur-

244 1416 303 1477 que
324 1392 369 1451 ael
389 1391 590 1471 defensionem
612 1406 678 1452 tam
699 1394 840 1452 eooleeiae
861 1415 956 1473 quam
976 1394 1099 1474 aliquot
1119 1397 1211 1453 etiam
1232 1398 1351 1473 epieco-

239 1500 363 1561 porum.
411 1480 447 1537 Si
468 1482 537 1559 quir
558 1491 657 1538 tamen
680 1480 772 1537 aliter
791 1482 944 1559 repererit,
973 1482 1157 1539 contentioni
1177 1477 1259 1539 cedo.
1304 1483 1350 1539 Ita

244 1586 327 1626 eane.
370 1566 447 1622 Nam
476 1575 505 1622 et
531 1568 731 1638 lastinianus,
762 1567 885 1645 eiusque
909 1584 1033 1644 parens,
1062 1575 1093 1623 et
1119 1567 1289 1625 avunculus
1310 1584 1349 1623 ex

244 1641 313 1709 albo
331 1651 506 1707 Aniciorum
528 1650 659 1709 delendi.
703 1652 870 1709 Genuaune
891 1651 1042 1709 fratruelis
1062 1653 1221 1709 iustiniani
1241 1649 1350 1709 dioen-

246 1734 314 1810 due,
335 1746 479 1814 utsupra
500 1734 539 1793 ad
560 1757 591 1815 p.
613 1736 655 1799 23
676 1737 879 1815 probavimur.
922 1734 1101 1796 llouuisdae
1122 1737 1249 1815 epistola
1272 1738 1350 1795 Ger·

245 1840 336 1881 mano
365 1822 429 1880 viro
452 1820 601 1880 ooneulari
625 1819 790 1880 reddenda.
833 1824 878 1879 De
899 1823 1048 1881 vitaliano
1075 1820 1288 1897 sentiendum,
1316 1831 1350 1879 ut

246 1905 286 1965 ad
307 1927 339 1986 p.
361 1910 403 1971 80
425 1904 569 1965 diximus.
611 1908 769 1965 Iustiniani
790 1918 877 1987 pater
895 1926 958 1965 non
980 1909 1164 1982 Germanae,
1193 1906 1248 1967 aed
1270 1906 1350 1967 Seb—

244 1992 345 2051 batiua
367 1990 573 2071 appellandus.
616 1994 662 2051 De
682 1993 833 2071 Bigleutia
853 1995 962 2051 reotim
985 2013 1078 2075 quam
1098 1994 1275 2068 Pauriniua,
1298 1993 1351 2072 qui

244 2079 403 2137 iustiniani
424 2078 519 2135 filiam
540 2096 605 2137 esse
623 2076 732 2137 oredit=
756 2072 902 2157 dietario,
923 2098 1057 2137 sororem
1076 2089 1164 2138 vooat
1184 2081 1350 2157 Procopius

243 2162 311 2228 Η
340 2162 413 2220 bell.
441 2161 536 2224 Vend.
572 2166 643 2221 lieet
671 2163 854 2223 Graecorum
882 2182 966 2223 more
994 2165 1192 2244 Biglante'am
1225 2161 1349 2237 dixerit,

244 2267 335 2329 quam
357 2250 462 2307 Latina
489 2249 699 2328 Vigilantiam
719 2252 929 2323 uominamoe3
953 2251 998 2308 aio
1019 2247 1101 2329 apud
1119 2251 1299 2307 Mauritium
1318 2251 1350 2305 in

244 2334 419 2411 Strategiois
445 2334 533 2413 βίγλα
557 2345 586 2393 et
613 2335 769 2417 βιγλίζειν,
797 2335 928 2415 vigilia,
955 2335 1098 2415 vigilare.
1140 2335 1291 2415 corippus
1312 2331 1350 2392 de
1458 2413 1459 2420 ἵ

242 2420 358 2478 luetino
380 2421 513 2492 iuniore;

150 2514 227 2571 Aa?
328 2504 429 2562 Mater
450 2503 574 2561 consilii
590 2502 728 2583 placidie
754 2504 931 2584 regitanae
949 2505 1059 2563 ventrio

136 2586 232 2645 Vidi
328 2590 451 2667 Semper
470 2591 547 2647 ineat
567 2588 682 2665 oeulie3
704 2610 894 2671 quamquam
914 2591 997 2647 omni
1014 2598 1134 2669 pectore
1151 2599 1258 2670 gratae

328 2673 426 2731 Alma
446 2674 597 2754 Augusta
617 2678 665 2731 tui
687 2695 810 2734 coneore
831 2676 991 2753 Sapientia
1011 2676 1108 2755 regni.

243 2760 359 2837 Nempe
382 2758 490 2817 alludit
511 2758 551 2817 ed
570 2762 693 2818 nomina
719 2761 911 2839 Vigilantiae
931 2762 1046 2835 matria,
1069 2768 1100 2817 et
1119 2758 1249 2839 Soplriae
1270 2776 1351 2817 uxo-

245 2846 286 2903 ris
307 2847 415 2903 lnatini
437 2846 570 2903 iunioris.
613 2847 791 2927 Quanquam
817 2843 1007 2924 Vigilaeuiae
1033 2864 1146 2903 nomen
1166 2847 1274 2903 Latine
1301 2847 1351 2901 in-

245 2930 362 2988 flexum
379 2940 452 3009 puto
475 2950 515 2987 ex
535 2930 654 3009 illyrico
675 2934 799 2991 nomine
814 2931 987 3010 Biglenieo,
1010 2929 1091 3011 quod
1110 2932 1271 2989 Iustiniani
1291 2932 1351 2986 im·

245 3019 390 3095 peratoris
418 3018 522 3074 matris
551 3016 733 3075 vocabulum
760 3017 829 3075 fuit.
873 3019 970 3075 Huius
997 3017 1177 3094 vigilantiae
1206 3017 1350 3072 maritum

246 3101 319 3159 t'aoit
347 3101 499 3160 Aruoldns
525 3100 712 3160 Dorotheum
741 3102 913 3176 oonenlem3
943 3102 1021 3160 bene
1049 3104 1149 3161 Viator
1174 3102 1351 3159 Tunneneia
1458 3091 1459 3108 ¹

246 3188 279 3243 in
300 3184 449 3261 ohronioo,
470 3190 613 3245 Iustinae
634 3190 738 3247 iunior
756 3188 948 3268 Vigilantiae
968 3189 1085 3245 rororie
1098 3186 1268 3245 luetiniani
1281 3186 1351 3244 Aa·

244 3274 333 3350 guoti
347 3272 450 3350 filius,
468 3284 557 3350 patre
578 3270 758 3332 dulcissimo
780 3285 884 3334 natur.
926 3270 989 3332 Sed
1009 3292 1048 3329 ne
1067 3272 1202 3351 singulos
1224 3290 1351 3341 errores,
1458 3321 1459 3324 ,

248 3374 323 3437 quoe
346 3360 378 3414 in
399 3360 555 3416 luetiuiaui
577 3360 766 3438 imperatorie
787 3360 962 3437 genealogia
981 3356 1115 3416 texenda
1136 3358 1351 3415 commiserunt

245 3441 408 3515 Arnoldoe,
430 3444 602 3517 Panriniue,
624 3442 829 3518 Trithemius‚
850 3454 880 3502 et
902 3445 970 3518 eiii,
993 3444 1169 3522 singillatim
1191 3462 1350 3500 eumnere-
1458 3481 1459 3524 3

245 3546 325 3601 mna,
348 3546 415 3585 eam
434 3528 489 3584 tibi
511 3528 548 3587 ob
571 3529 673 3588 oouloe
695 3532 727 3588 in
742 3529 958 3609 diagrammate
979 3533 1129 3608 ponimus,
1147 3548 1183 3586 eo
1201 3546 1274 3585 sane
1297 3547 1350 3585 ve-
1378 3528 1384 3537 '
1458 3571 1459 3576 1

245 3614 365 3686 riorem,
388 3614 611 3694 auctionemque
636 3614 717 3695 quod
739 3616 937 3695 expluribus
958 3614 1128 3687 antoribm,
1149 3614 1248 3694 iisque
1271 3613 1350 3670 auti-

245 3698 416 3777 quioribue,
438 3718 547 3778 nempe
569 3697 705 3759 eimdem
725 3704 848 3777 aetalia,
869 3701 955 3760 iilam
977 3700 1166 3779 eollegimm.
