2959 4792
349 992 967 1189 eucosssffluussm
1228 1088 1323 1147 vrrs

105 1254 261 1363 nu
361 1188 1210 1387 euo'eoero

324 1462 386 1529 ΕΤ
416 1462 605 1530 ARGANA
633 1463 738 1529 EIUS
769 1461 989 1529 HISTORIA

445 1615 528 1695 nu
552 1620 588 1693 u
613 1614 634 1691 1
660 1617 692 1694 c
717 1614 738 1691 1
761 1566 799 1694 ὐ
823 1620 876 1693 Μ.

106 1952 170 2059 Da
184 1990 336 2055 lustiniauo
357 1990 549 2079 Imperatore,
568 1991 659 2079 deque
680 1990 767 2055 robus
780 1989 818 2054 alr
839 1988 889 2054 illo
909 1990 999 2077 gestis
1019 2011 1056 2056 oa
1072 1989 1157 2081 vulgo
1170 2006 1214 2060 est

107 2094 242 2161 homiuum
257 2092 373 2180 opinio,
399 2106 428 2161 ut
443 2093 573 2181 quidquid
594 2114 675 2157 secus
699 2092 836 2165 affirmes,
858 2113 939 2176 quarn
955 2094 991 2155 de
1006 2114 1043 2158 eo
1057 2094 1132 2159 tama
1148 2119 1212 2182 per·

108 2194 227 2270 crebuit,
249 2195 411 2279 suspicione
432 2196 460 2259 id
475 2218 573 2261 carere
586 2195 699 2259 minimo
720 2194 854 2257 videatur.
898 2194 992 2272 Quare
1012 2217 1068 2259 non
1088 2196 1213 2285 ambigo,

108 2295 220 2371 multos,
242 2296 289 2381 qui
303 2296 379 2361 hano
392 2298 540 2363 Historiam
556 2296 653 2362 lecturi
671 2307 742 2371 sunt,
759 2292 849 2358 statim
867 2294 1050 2373 dubitaturos,
1069 2319 1133 2361 uum
1147 2320 1217 2363 vera

109 2395 157 2458 ulla
186 2396 238 2472 sit,
271 2409 319 2462 aut
345 2399 446 2464 saltem
476 2399 602 2465 ebodio
629 2397 757 2475 sineere,
790 2408 819 2460 ot
844 2418 863 2460 a
887 2396 1083 2463 malevolentia
1106 2400 1217 2486 penitus

110 2496 233 2585 integra.

194 2618 365 2704 Quamquam
390 2616 464 2683 onim
483 2617 511 2684 in
530 2616 660 2683 eonlesso
686 2617 721 2681 sit
743 2617 817 2703 apud
835 2639 949 2695 omues,
974 2640 1065 2706 neque
1084 2618 1143 2685 ulla
1165 2620 1214 2685 do·

111 2718 188 2782 [endi
203 2719 380 2785 excusatmne
394 2734 477 2807 queat
489 2720 630 2785 Iustiniani
645 2719 682 2784 de
697 2718 809 2783 Christo
822 2720 960 2785 sententia
973 2722 1057 2808 plane
1071 2742 1215 2807 perversa,

111 2832 141 2884 et
165 2822 202 2885 ad
230 2821 377 2910 roligionis
406 2824 538 2911 dogmata
563 2821 735 2897 delinienda,
766 2821 1034 2909 Ecclesiastieasque
1053 2823 1218 2887 sanciendus

20 2928 21 2935 ’
111 2922 197 3011 leges
218 2922 306 2988 ellusa
332 2924 457 3002 lieentia,
486 2939 515 2990 et
540 2924 569 2988 in
590 2925 731 2989 llomanos
752 2921 921 2999 Pontifices,
947 2924 1106 3012 Agapotum
1133 2936 1217 3011 atque

20 3030 21 3097 ζ
112 3024 265 3113 Vigilium,
293 3025 418 3113 aliosque
439 3026 588 3093 Praesules
613 3024 745 3091 saevitia:
772 3024 828 3089 duo
847 3037 940 3089 tamon
962 3026 1011 3093 illa
1031 3026 1111 3091 huius
1124 3025 1215 3090 llisto·

20 3198 21 3211 q
110 3126 176 3191 riae
190 3150 293 3191 summa
315 3128 408 3215 capita
429 3130 518 3195 nullus
538 3142 645 3195 temere
668 3126 780 3202 oredat;
808 3126 848 3190 ita
867 3127 988 3192 moribus
1009 3128 1216 3215 inoomposituru

20 3230 21 3247 ³
112 3251 177 3293 erun
191 3229 364 3316 Principum,
395 3229 441 3316 qui
457 3228 702 3295 terrarumorbem
714 3227 893 3295 sanctissimis
906 3230 1019 3317 legibus
1035 3230 1217 3321 temperavit3

20 3372 21 3407 3
112 3332 207 3417 itaque
228 3330 409 3417 lleipulrlieae
432 3332 632 3417 perniciosum,
659 3329 706 3417 qui
726 3342 768 3395 tot
788 3330 889 3409 urbes,
909 3354 1016 3420 regnu,
1049 3329 1215 3417 provincias,

20 3446 21 3513 j
112 3446 197 3519 etque
209 3432 344 3520 regiones
358 3432 480 3519 Imperio
503 3436 628 3501 Romano
644 3432 774 3507 restituit;
799 3446 913 3498 orteras
936 3456 971 3497 ae
991 3432 1127 3497 bmbaras
1145 3452 1216 3519 gen·
1236 3442 1245 3483 ἲ

20 3556 21 3581 t
112 3548 157 3599 tes
173 3533 344 3599 automnino
357 3534 477 3615 delevit,
502 3549 549 3601 aut
564 3534 714 3623 repressit,
744 3544 791 3599 aut
805 3534 968 3621 doniquein
989 3535 1153 3600 sociotatem
1166 3554 1217 3620 po·

114 3638 171 3721 puli
184 3637 301 3702 Romani
318 3634 450 3702 adiunxit.
493 3638 571 3705 Saue
588 3648 651 3725 post
672 3635 843 3701 Constantini
856 3649 981 3722 tempora
1002 3635 1150 3722 lmperiunr
1163 3636 1219 3703 llo·

115 3759 222 3803 maamu
235 3758 309 3825 poue
321 3760 453 3804 oorruens
467 3739 505 3803 ita
519 3740 642 3805 sustinuit
659 3737 832 3817 lastinianus,
850 3751 879 3805 ut
892 3760 954 3803 euru
969 3738 1088 3827 antiquis
1098 3738 1220 3826 lmpera-

112 3842 218 3908 turibus
232 3840 333 3907 merito
347 3840 503 3926 eomparari
517 3840 613 3929 possit.

20 4038 21 4041 Ἴ
197 3960 349 4026 Enimvero
364 3956 462 4023 harum
478 3981 571 4025 rorum
585 3961 698 4027 duarum
711 3959 845 4046 splendor
859 3956 887 4022 in
900 3958 1048 4023 lastiniano
1063 3958 1104 4023 sie
1117 3955 1221 4035 enituit,
1238 3978 1297 4035 Δρ

20 4054 21 4093 l
112 4076 141 4127 at
154 4062 288 4151 quidquid
304 4058 421 4145 eulpae,
449 4061 496 4125 rel
512 4062 633 4125 criminis
649 4060 743 4127 inille
768 4062 835 4139 luit,
855 4082 892 4126 ea
907 4062 943 4126 sit
966 4060 1129 4126 occultatum
1143 4060 1225 4125 elari-

112 4179 179 4229 tate.
221 4166 268 4229 tta
296 4160 386 4249 partis
409 4161 521 4249 quidem
550 4162 689 4240 victoriis,
710 4163 888 4251 lmpsrioquo
910 4164 1037 4229 Romano
1063 4175 1222 4251 propagato
1237 4183 1262 4238 1>
1277 4182 1307 4239 11

110 4266 182 4331 m‘lril
199 4266 248 4331 lriu
261 4266 363 4331 suas
377 4264 482 4343 dioere,
509 4286 572 4331 oum
590 4265 652 4331 sola
666 4266 752 4333 modo
771 4265 878 4353 reliqua
899 4264 1009 4331 illorum
1027 4265 1162 4331 mamona
1174 4264 1218 4329 sit.
1238 4298 1244 4307 ·
