2959 4792
498 262 699 331 ttumtottttt
721 262 980 336 ntsstttttrtto
1251 300 1292 346 ῃ

184 430 395 511 mmoeeham,
431 442 462 499 el
481 431 721 521 impudentiaaimia
746 458 937 526 nonnunquam
962 442 1154 510 monotrioilue
1173 442 1288 514 admini-

183 534 292 599 atriuin
313 536 464 601 ditissimoa
474 558 597 625 quoatpuo
616 540 742 626 parabol.
784 542 889 618 Addit,
910 542 1106 631 Magistrum,
1127 549 1286 616 Praefectu-

185 658 247 713 rur,
269 634 431 726 Officioque
456 638 610 707 abeodem
632 644 724 729 pretio
748 642 905 707 diuendita:
925 644 1084 724 Ecclesiae,
1107 651 1285 731 Norooomiu,
1303 662 1360 723 Ad

183 738 373 818 monasteria,
395 754 424 807 ot
436 742 493 806 alia
510 743 538 807 id
553 764 644 832 genua
662 729 792 809 aedilicia
813 766 851 808 ex
865 743 1033 832 priuatorum
1052 752 1159 815 exuviis
1180 755 1217 818 alr
1237 756 1287 821 illo

184 842 314 909 excitata.
359 844 528 912 Venetorum
541 847 579 913 itu
603 846 710 911 leviare
722 845 872 911 factionem
885 848 1018 927 ull'rrmat,
1040 863 1070 916 ut
1087 852 1217 919 Prasinoa
1237 857 1286 922 im·

183 964 258 1029 pune
272 946 502 1015 comruoiduudoa
519 949 554 1015 iia
568 949 755 1037 permitteret,
784 968 934 1034 eormrquo
948 950 1059 1017 lieoutiu
1075 958 1215 1034 medilua,
1241 984 1286 1025 ra·

184 1045 274 1131 pinio,
295 1048 430 1115 inerudiia
452 1051 548 1117 omnia
568 1052 736 1138 eompleret;
757 1050 939 1139 Magistratus
958 1072 1028 1117 uero
1046 1055 1092 1141 qui
1113 1057 1143 1122 iu
1161 1060 1286 1127 Venetoa

185 1147 312 1236 egissent
331 1172 369 1217 ex
383 1152 469 1241 lego,
491 1155 583 1243 onpito
598 1156 750 1220 damnaret.
792 1154 904 1238 Nempe
917 1152 990 1218 lrueo
1006 1175 1109 1222 summa
1123 1174 1165 1225 aot
1178 1183 1285 1241 eorum,

185 1271 257 1335 quae
278 1252 432 1342 Proeopiua
456 1256 486 1321 iu
512 1257 569 1322 huo
594 1258 710 1323 historia
733 1254 921 1345 prosequitur:
959 1260 1137 1341 quamobrem
1167 1265 1287 1355 Euagrii

184 1350 352 1421 Seirolnatiei
366 1358 455 1424 verbu
469 1359 517 1425 hio
530 1359 596 1425 ideo
616 1358 816 1447 praeterimue,
844 1369 874 1422 ut
894 1356 923 1421 in
948 1358 1011 1444 ipao
1028 1361 1143 1429 huiuaoe
1164 1367 1228 1432 libri
1251 1369 1284 1433 li·

181 1454 256 1521 miue
272 1462 431 1546 argumenti
446 1462 510 1528 loeo
524 1462 702 1551 opportunius
718 1472 822 1526 extent.
864 1459 1039 1527 Maiestatem
1057 1466 1199 1533 Romanae
1219 1472 1285 1536 liei·

182 1558 312 1643 pulrlieae
326 1584 402 1649 poue
415 1563 610 1629 labefactatum
632 1562 711 1629 initio
733 1562 845 1650 quidem
860 1584 929 1626 auae
950 1563 1142 1634 dominationis
1158 1594 1213 1636 uon
1233 1574 1283 1639 mi·

181 1659 255 1725 oirua
278 1686 342 1728 eum
362 1663 446 1731 laudo
467 1666 644 1744 Iustinianua,
663 1678 693 1731 ut
713 1662 787 1741 dixi,
811 1666 979 1733 auateutaeit.
1021 1670 1128 1736 Verum
1151 1674 1200 1738 uti
1215 1698 1280 1739 eou-

180 1763 286 1845 oeuuit,
306 1766 382 1831 uduo
398 1767 439 1832 illi
452 1768 545 1847 vireo,
566 1768 725 1857 animusque
739 1767 858 1843 defecit,
875 1779 919 1845 ut,
945 1774 1173 1855 quenuadmodum
1186 1778 1282 1843 aoribit

182 1864 353 1946 lleuauder,
375 1892 433 1934 non
452 1869 546 1937 Peraia
572 1870 673 1947 modo,
705 1868 757 1933 aed
785 1856 905 1946 lluuuia,
936 1870 1091 1954 Abarilrue,
1121 1879 1280 1957 Surueeoia,

181 1969 354 2057 Corriguria,
377 1972 496 2059 aliisquo
515 1972 700 2037 Barbarorum
714 1969 825 2055 populis
837 1972 1006 2038 tributarium
1024 1976 1281 2066 leeeritlmperium

179 2072 339 2141 tomum.
381 2072 537 2161 Herpehiua
555 2072 683 2139 Milesius
702 2070 841 2136 Iustiniani
860 2073 1001 2139 leuitatem
1018 2078 1132 2156 derisit,
1153 2082 1200 2167 qui
1213 2082 1280 2147 adu·

179 2173 245 2239 lumi
258 2175 430 2241 'l'ribouinno
442 2176 504 2241 lore
517 2176 661 2252 erederet,
683 2171 755 2239 utin
774 2172 883 2237 eoelum
902 2174 981 2240 virm
1003 2179 1194 2264 arriperetur.
1236 2184 1282 2249 De

179 2274 251 2341 illiue
267 2276 410 2343 truditur
426 2290 510 2364 atque
526 2276 644 2341 fallaciis
661 2274 773 2340 ulterius
793 2297 874 2361 quum
896 2275 1048 2365 Prooopiue
1071 2282 1180 2368 aeripait
1199 2285 1280 2369 Agu-

177 2376 250 2441 thiaa
269 2380 483 2467 lllprrhiuaeua;
503 2401 567 2443 uum
590 2389 619 2443 et
646 2389 736 2453 artet,
763 2388 792 2443 et
811 2378 990 2465 epiatolorum
1013 2383 1144 2469 exemplu
1162 2387 1279 2471 profert,

178 2478 276 2563 quibua
288 2482 446 2547 Hunnorum
460 2482 583 2547 Ducibus
600 2478 636 2545 ad
652 2478 784 2543 iuvidiam
806 2493 836 2545 et
849 2481 915 2547 odiu
930 2484 1071 2561 excitatio,
1094 2496 1123 2549 et
1138 2489 1175 2551 ud
1188 2488 1283 2554 civilia

177 2580 254 2645 lulla
267 2582 458 2648 crudelissimo
473 2584 588 2649 diaaidio
604 2582 795 2659 iullnmmatia,
817 2600 881 2647 eam
897 2596 1012 2670 gentem
1025 2588 1133 2672 penitus
1146 2589 1280 2657 abolevit.

177 2683 239 2747 Neo
252 2684 326 2749 ailuit
341 2684 567 2771 patrimoniorum
582 2694 611 2749 et
625 2683 828 2748 haereditatum
840 2685 952 2769 rapinae
972 2708 1064 2774 aeque
1077 2690 1105 2752 in
1120 2691 1281 2776 superstites

176 2784 294 2865 liberor,
333 2809 368 2852 ae
392 2786 422 2851 io
452 2787 611 2853 demortuos
637 2798 786 2871 parentes,
824 2788 968 2866 orudolee,
1000 2788 1134 2877 ‚inuam
1169 2792 1278 2882 impiae.

177 2889 272 2969 Quare
284 2890 401 2955 turrium
413 2910 558 2955 meremor
570 2890 645 2976 apud
659 2888 820 2977 Gorippum,

524 3012 608 3073 Viuite
623 3014 700 3093 pulrt‘
718 3013 768 3092 ptri
785 3003 904 3071 adittttt
923 3010 1024 3089 lower,

343 3115 493 3177 Tlterttrttot
506 3116 578 3197 fidit
589 3120 712 3196 ptt'oodot
724 3114 800 3195 fetro
818 3117 948 3177 neutris

336 3214 464 3300 tepeat.
477 3236 698 3256 ··“··-···“

176 3328 246 3395 Num
268 3330 408 3421 Corippua
426 3334 571 3401 Africanus
592 3345 649 3398 tam
670 3332 838 3422 improvidus
859 3346 903 3400 oet
921 3332 1060 3399 luatiniaui
1081 3344 1164 3419 atque
1180 3333 1273 3399 lumini
1290 3347 1313 3402 P
1330 3346 1372 3404 tv

175 3432 312 3512 adulator,
343 3458 425 3522 quum
441 3436 512 3501 levia
530 3436 633 3511 l’oeta;
662 3436 691 3501 iu
712 3436 825 3501 ulteriua
847 3437 920 3501 euim
939 3436 1064 3501 laudilrua
1079 3435 1213 3513 exultem,
1234 3437 1274 3499 al·

174 3533 258 3599 terina
279 3537 309 3601 iu
337 3538 566 3625 vituperationem
585 3537 686 3603 labitur
707 3525 845 3615 incautus,
874 3538 921 3602 vel
942 3538 1033 3625 potius
1052 3536 1182 3601 adduotua
1201 3538 1275 3602 veri·

173 3648 238 3702 tuto.
281 3639 438 3729 Gregorius
451 3639 619 3706 Turoueuaia
637 3640 776 3705 Iustiniani
791 3640 935 3704 avaritiam
951 3638 1130 3704 electissime
1150 3653 1276 3705 matrona

173 3738 275 3804 luliaua
287 3742 389 3807 Anicia
403 3742 526 3808 delusam
540 3742 675 3808 luculenta
690 3742 847 3807 uurratiooe
861 3753 1064 3807 commemorat.
1108 3740 1276 3808 Vitalianum

174 3840 210 3907 V.
228 3840 260 3907 C.
283 3844 428 3910 llom'auae
448 3846 564 3911 militine
587 3844 762 3933 Magistrum,
783 3842 923 3910 leatiuiuni
947 3843 1068 3908 lectione
1085 3842 1277 3930 interemptum

175 3958 265 4009 nurrut
279 3946 377 4012 Victor
391 3945 554 4013 Tuuueuria.

255 4048 283 4111 lu
303 4048 379 4135 ipro,
402 4062 431 4113 ot
453 4048 600 4113 Liberatus
620 4030 767 4113 Alrioauuo
784 4046 935 4112 momoriae
950 4047 1131 4132 prodiderunt
1149 4045 1274 4112 eiuadem

176 4149 202 4211 in
222 4150 375 4216 uuiversum
401 4148 626 4216 Euelosiaatioum
653 4150 795 4225 ordinem,
831 4150 860 4234 in
889 4147 1046 4235 lipiaeopoe
1068 4148 1208 4225 Orientia,
1244 4159 1275 4214 ut

176 4250 300 4331 lllrioao,
323 4252 353 4319 iu
371 4254 509 4321 llomanoa
531 4250 679 4322 Pontifloea
697 4251 842 4318 medriam
862 4264 892 4317 et
910 4250 1114 4316 immunitatem.
1158 4252 1272 4329 Genua,
1290 4257 1382 4316 Vtut
1458 4319 1459 4336 ,
