2959 4792
216 247 295 324 430
566 250 613 319 IN
637 248 748 319 mat.
772 250 966 320 suctum

217 418 381 499 insperium
400 436 492 477 suum
514 412 608 497 digne
627 415 789 499 iudicavit,
811 429 840 478 et
860 440 907 477 me
926 419 1063 499 occipere
1078 438 1117 477 cc
1131 427 1261 499 portare
1281 414 1331 476 od

216 516 349 568 vestram
372 506 579 581 sanctitatem,
606 501 770 585 docereque
790 504 976 564 reamabiles
991 505 1174 579 monachos,
1194 515 1230 562 ut
1252 524 1327 561 cum

220 610 275 650 vos
295 586 394 649 edocti
413 591 515 667 eriis,
544 609 625 668 quas
645 590 685 649 ab
707 593 785 670 ipsis
795 590 892 668 fucta
912 600 999 667 sunt,
1021 593 1165 649 cononice
1177 589 1327 667 formetis

216 696 271 750 eo,
293 696 374 755 quoe
397 684 514 733 cestrae
534 673 721 733 beatitudini
748 674 894 736 videntur
913 676 983 735 bene
1001 674 1120 734 habere.
1163 676 1237 733 Hos
1259 677 1328 733 ita-

216 781 277 843 que
304 780 375 819 curn
402 756 449 819 cd
472 779 585 819 monus
605 760 753 841 babeam,
778 773 895 822 restrae
919 759 1107 820 beatitudini
1130 763 1257 839 porrigo
1280 756 1331 817 ad

216 842 388 925 legendum.
430 845 476 903 De
506 844 744 907 refendariorum
771 866 899 909 numero
926 866 963 906 sc
991 845 1139 929 dignitate
1165 844 1237 906 vide
1265 865 1328 905 no·

214 932 330 994 sellam
350 931 401 994 10.

300 1018 337 1075 Ρ.
360 1016 418 1091 90,
440 1016 472 1078 2.
516 1014 553 1075 ln
572 1020 662 1097 regio
689 1020 781 1077 curio
805 1019 960 1078 conventis
980 1014 1156 1097 indicibus]
1183 1018 1264 1074 Nam
1292 1014 1327 1074 in

216 1102 380 1183 porticibus
409 1103 618 1180 imperatoriae
654 1101 762 1163 domus
792 1114 855 1162 crat
882 1104 1102 1183 praefectorum
1129 1102 1326 1180 praetorium,
1362 1144 1371 1212 ἱ

218 1199 413 1271 quaestorum
433 1187 580 1263 tribunal,
602 1186 738 1247 iudicum
760 1189 913 1265 subsellia,
935 1186 1206 1247 referendariorum
1226 1185 1327 1261 sedes,

219 1274 419 1333 tabellionmn
443 1270 575 1331 archiva.
616 1274 693 1335 Vide
714 1277 895 1354 Procopium
915 1275 937 1332 l.
962 1280 977 1337 1
1002 1272 1094 1333 aedil.
1117 1282 1272 1345 extremo,
1295 1281 1327 1330 et

220 1357 386 1437 Agathiam
405 1356 466 1420 l.3
486 1360 583 1417 initio.
626 1362 722 1432 Quare
736 1362 841 1439 palatii
861 1380 916 1420 seu
937 1361 1037 1418 carim
1057 1361 1180 1417 nomine
1202 1356 1326 1431 iudicis,

220 1443 399 1517 tribunalia,
428 1462 595 1524 comaeque
622 1444 757 1505 forenses
779 1455 931 1505 notantur.
975 1445 1028 1504 Sic
1046 1446 1080 1502 in
1100 1441 1217 1501 theatro
1238 1441 1328 1522 plebs

222 1529 407 1588 inclamabat
420 1530 595 1605 lustinianc,
614 1526 648 1593 τὸ
668 1528 814 1594 noldrsoo
829 1535 892 1594 nori
912 1527 992 1594 tcto
1013 1523 1071 1592 osis
1084 1528 1220 1609 οἴδαμεν.
1262 1530 1329 1586 Po·

222 1615 355 1691 lotium,
375 1634 430 1672 eeu
452 1618 560 1694 curio,
584 1614 700 1673 ubisit
720 1619 880 1676 nesciinus.
913 1618 980 1675 lloc
1000 1626 1061 1693 cst,
1082 1614 1168 1673 nulia
1188 1623 1329 1694 superest

221 1698 404 1759 iudiciorum
424 1698 532 1757 forma.
1230 1703 1236 1712 '

307 1788 344 1844 P.
363 1788 421 1860 90,
442 1781 474 1847 4.
516 1785 598 1845 Erat
618 1784 790 1863 respublica
809 1788 902 1864 quasi
921 1785 1147 1846 hidruntium
1164 1802 1330 1864 puerorum

222 1870 342 1950 regina]
364 1872 447 1929 Haec
465 1871 622 1944 sententia,
644 1880 674 1929 et
695 1873 867 1930 consimiles
888 1868 961 1930 huic
981 1873 1059 1931 aliae
1079 1871 1207 1931 fortasse
1230 1868 1329 1928 dictae

221 1952 431 2037 ὑπερβολικῶς
450 1954 626 2032 videantur,
650 1966 680 2016 et
700 1960 828 2015 oratorie
855 1959 972 2036 potius,
1001 1975 1093 2038 quam
1116 1954 1156 2014 ad
1175 1954 1331 2030 historiae,

221 2042 413 2102 severitatis
434 2038 561 2101 modum
583 2060 754 2121 expressae.
797 2039 860 2102 Sed
879 2044 969 2123 aequi
989 2061 1091 2101 remm
1113 2044 1331 2114 aestimatores,

221 2128 268 2187 uti
290 2128 443 2206 graviora,
466 2128 598 2208 quaein
619 2124 678 2186 hoc
699 2126 803 2187 libello
825 2129 946 2206 legtmt,
969 2128 1098 2187 aliorum
1118 2124 1331 2185 historicorum

220 2214 402 2273 testimoniis
425 2212 618 2292 comprobata
637 2211 760 2286 vident3
783 2216 825 2271 ita
843 2223 873 2271 st
889 2213 1003 2271 leviora
1015 2214 1070 2275 illa
1084 2210 1232 2287 viderent,
1253 2230 1331 2291 quae

220 2298 261 2359 ob
289 2299 441 2377 sepultam
462 2298 592 2357 tenebris
620 2300 807 2379 antiquitatis
828 2294 1003 2374 historiam,
1033 2300 1169 2357 invenire
1190 2298 1331 2355 testimo-

220 2385 309 2442 nium
332 2381 416 2441 idem
436 2402 499 2442 non
520 2393 693 2463 potuerunt.
735 2385 777 2442 At
797 2402 873 2455 ¹vcro
899 2395 935 2442 ut
963 2381 1019 2442 has
1046 2386 1127 2461 ipsas
1155 2384 1330 2456 sententias,

222 2486 302 2549 quae
323 2471 479 2527 veritatem
499 2466 646 2526 excedere
666 2466 816 2542 videntur,
839 2470 876 2527 ab
898 2489 934 2527 ea
954 2470 1081 2528 minime
1102 2466 1263 2526 abhorrere
1284 2468 1331 2525 le·

222 2564 288 2613 ntor
308 2554 475 2631 intelligam
497 2552 592 2627 illud,
613 2554 717 2627 velim,
738 2554 822 2633 legat
843 2552 985 2613 historiae
1005 2554 1226 2633 fragmentum,
1249 2548 1332 2633 quod

221 2658 265 2697 ex
284 2636 473 2717 Theophane
495 2636 534 2696 ad
554 2658 585 2718 p.
608 2637 650 2700 56
670 2636 887 2719 produximus3
916 2642 950 2697 in
972 2658 1008 2699 eo
1029 2658 1102 2699 sane
1122 2640 1208 2697 velut
1229 2640 1262 2696 in
1283 2648 1330 2694 ta·

223 2724 296 2783 bula
317 2721 527 2783 adsunbratam
549 2726 769 2803 contempletur
789 2724 1007 2804 rempublicam
1028 2727 1215 2797 Romanam,
1244 2723 1331 2803 quasi

224 2808 447 2869 lascivientium
468 2828 630 2889 puerorum
650 2813 787 2888 reginam
803 2811 896 2869 fauisse
915 2811 1074 2869 Iustiniani
1093 2809 1290 2889 temporibus.

312 2897 348 2953 P.
371 2894 422 2967 90,
446 2900 477 2959 6.
519 2897 583 2955 Leo
607 2894 736 2973 quidam
754 2916 870 2974 genere·
884 2894 979 2976 Cilix]
1007 2899 1065 2954 tito
1085 2906 1149 2954 erat
1168 2897 1333 2975 imperato-

227 2980 270 3041 ris
290 2978 527 3056 referendarius,
549 2991 583 3039 nt
603 2976 697 3040 habes
718 2982 797 3038 infra
818 3002 850 3061 p.
874 2984 946 3045 129.

311 3068 348 3126 1³.
370 3065 429 3141 95,
454 3068 503 3129 16.
547 3064 586 3125 ln
605 3068 767 3123 maritimo
788 3064 987 3140 suburbano,
1011 3066 1190 3143 praesertim
1211 3065 1246 3123 in
1268 3064 1333 3122 He-

229 3170 336 3213 raeum
359 3148 524 3230 secedebat]
546 3152 711 3231 Praecipua
735 3148 911 3210 deliciarum
929 3152 995 3209 loca
1015 3150 1071 3209 sub
1092 3150 1166 3208 urbe
1187 3152 1332 3229 Byzantio

123 3238 213 3298 V³69
230 3234 306 3297 haec
325 3237 556 3317 imperatoribus
576 3236 716 3310 fuerunt3
730 3232 897 3317 Ἕβδομον,
915 3238 1101 3315 Septimum.-
1122 3256 1184 3293 nou
1205 3237 1334 3314 septima

226 3325 366 3404 Byzantii
394 3323 493 3399 regio,
523 3331 558 3379 ut
587 3323 726 3401 opinatur
747 3323 922 3381 llcribertus
943 3318 1119 3400 Rosrcydus
1146 3323 1180 3379 in
1207 3332 1273 3379 not.
1295 3316 1335 3378 ad

226 3412 281 3471 rit.
299 3411 364 3467 Pst.
386 3405 442 3467 sed
463 3406 669 3465 suburbanum
690 3409 819 3486 septimo
840 3408 879 3466 ab
898 3406 973 3466 urbe
996 3404 1099 3486 lapide
1120 3403 1247 3465 distans.
1289 3408 1335 3463 lta

227 3496 384 3569 Socrates,
414 3502 444 3551 et
465 3492 669 3567 Sosomenm,
700 3492 814 3553 idatius
835 3494 868 3550 in
897 3493 999 3568 fastis,
1033 3491 1148 3551 Valsnc
1168 3491 1336 3570 Augustus

229 3579 495 3657 Constantinopoli
511 3583 545 3637 in
560 3578 699 3636 miliario
719 3578 848 3659 septimo
863 3578 984 3637 erasm
1005 3587 1065 3652 sst,·
1087 3588 1118 3636 et
1138 3577 1228 3634 infra.
1271 3577 1335 3635 Hie

227 3666 406 3726 consulibus
427 3664 549 3722 levatus
567 3674 612 3721 est
632 3662 794 3723 Arcadiae
819 3664 988 3744 Arignotus
1012 3661 1336 3741 Constantinopolim

227 3752 365 3809 miliario
387 3752 524 3828 septimo.
566 3750 715 3830 Pleraque
736 3750 795 3808 alia
815 3750 884 3809 loca
907 3758 992 3823 sunt,
1022 3768 1099 3830 quac
1126 3766 1167 3806 ex
1195 3764 1335 3805 mensura

227 3847 325 3895 certae
355 3836 392 3893 ab
420 3834 545 3893 urbibus
574 3832 732 3893 distantiae
759 3854 872 3894 nomen
901 3844 1090 3913 acceperunt.
1133 3830 1170 3891 ld
1203 3833 1334 3911 explicat

137 3929 214 3986 Ast)
228 3922 393 3999 Procopius
420 3922 454 3977 in
482 3922 633 3979 consimili
661 3922 785 3979 nomine
811 3916 877 3982 bl
906 3918 996 3978 acdif.
1026 3912 1179 4002 φρούριον
1199 3914 1234 3979 tii
1264 3913 1334 3979 tito

229 4006 438 4085 διαφερόντως
465 4002 569 4109 lxopln·
592 4000 736 4085 dvicrqce
754 4000 934 4086 Σιγγιδόνος
960 3998 1038 4067 c’ssci
1062 4005 1199 4083 σημείοις
1225 4001 1332 4082 διέχον,

227 4088 302 4173 ὅπερ
323 4084 470 4168 Ὀκτάβον
491 4094 570 4171 λογῳ
591 4094 634 4174 τῷ
655 4086 749 4153 εἰκότι
768 4092 903 4153 καλοῦσι.
945 4087 1144 4148 Praesidium
1164 4085 1260 4145 uliud
1279 4108 1335 4165 op-

225 4180 326 4258 prime
347 4176 590 4233 munitissimum
611 4178 769 4253 enodavit,
800 4172 885 4255 quod
912 4174 952 4232 ab
979 4174 1054 4234 urbe
1074 4170 1244 4253 Smgtdone
1271 4182 1335 4230 octo

221 4264 324 4345 serens
354 4258 547 4321 milliaribus
574 4255 692 4334 distct3
720 4280 816 4341 quare
846 4260 999 4322 oncrum
1027 4261 1168 4341 opposite
1197 4268 1335 4319 vocatam
