2959 4792
498 279 643 350 NOTAE
665 281 891 352 sumnam.
1173 283 1247 357 371

140 445 326 508 lastinianus
346 465 419 508 vero
439 443 610 526 fibriensis
638 465 680 506 ax
708 457 794 528 patra
815 446 981 525 Sabbatio,
1003 457 1039 507 ut
1057 448 1137 510 infra
1156 470 1188 532 p.
1209 449 1254 516 57

139 543 292 593 narratur.
334 536 370 592 lu
399 551 436 592 aa
465 551 537 592 vero
565 535 692 612 epistola
710 532 819 612 frater
846 535 1005 594 lastiniani
1032 533 1158 612 dicitius,
1189 555 1252 596 nou

140 621 307 698 sanguina,
337 616 393 679 sed
413 611 633 705 α’διλφαιιισιίρι
651 637 747 700 quam
764 621 871 678 Graeci
892 629 1019 695 vocant,
1050 623 1159 679 iurata
1170 619 1252 699 sra-

140 707 294 764 ternitate.
336 707 415 764 Nam
434 705 603 764 Vitalianus
633 705 672 764 ob
694 703 865 764 affectatam
886 705 942 764 sub
964 707 1124 765 Anastasio
1145 717 1252 785 tyran-

139 787 249 848 uidem
269 791 327 850 sibi
347 793 469 865 timens,
490 790 645 870 publicam
657 791 822 869 postularit
836 789 939 866 fidam,
962 810 1055 872 quam
1067 792 1250 851 lastinianus

140 877 267 934 nomina
282 877 418 935 Caesaris
437 893 500 934 non
520 875 621 934 solum
637 873 731 948 dedit,
753 875 809 934 sad
823 879 916 935 etiam
928 895 1020 955 super
1032 895 1149 936 sacram
1161 896 1252 935 men·-

140 979 219 1035 sam,
241 961 301 1020 ritu
319 959 495 1020 Christianis
518 970 670 1036 consueta,
691 955 920 1046 tenpestate,
941 963 963 1022 i.
978 982 1006 1019 e.
1021 963 1128 1020 iurata
1141 973 1251 1020 mutuo

130 1047 284 1123 fraterna
298 1043 374 1125 fide,
395 1046 579 1105 Vitalianum
600 1047 658 1104 sibi
676 1044 830 1119 devinxit3
852 1045 935 1126 quod
956 1049 1071 1106 curiose
1087 1049 1253 1128 Procopius

140 1131 205 1190 illis
219 1131 318 1191 verbis
335 1132 514 1206 observavit,
536 1123 563 1215 ,t
584 1128 624 1212 δή
642 1127 679 1192 sd
700 1127 792 1193 πισταὶ
812 1128 960 1213 πρότερον
973 1129 1052 1210 tinto
1072 1136 1129 1213 τῆς
1149 1127 1254 1212 dapa-

139 1217 224 1291 aeter
245 1215 408 1297 παρέσχετο
430 1213 580 1296 ὄιαλαχῶν
598 1209 682 1301 crispi
701 1219 765 1278 sois
785 1215 820 1281 fe
844 1220 1038 1298 Χριστιανοῖς
1058 1219 1248 1297 concupitas:
1265 1220 1289 1276 Ρ
1307 1220 1359 1279 106

141 1303 328 1381 impunitate
345 1303 519 1381 promisca,
543 1299 607 1380 fide
622 1301 771 1380 publica,
801 1321 867 1360 una
887 1305 1034 1380 susceptio
1057 1301 1254 1362 Ctristtano.
1293 1363 1299 1378 ,

141 1407 214 1445 rum
231 1391 393 1466 mysteriis.
436 1386 489 1446 Sic
510 1397 541 1445 et
559 1388 743 1465 Strategium
763 1389 871 1446 aerarii
890 1387 1079 1467 praefectmn
1091 1390 1251 1459 Iustiniani

136 1473 273 1550 fratrem
300 1473 488 1552 appellatum
515 1471 605 1532 rideo
632 1469 817 1531 iusshistoria
847 1470 885 1531 de
911 1473 1028 1553 templo
1047 1483 1169 1531 sanotae
1189 1473 1251 1533 So-

141 1555 254 1637 phiae,
280 1577 374 1639 quem
393 1555 510 1616 ibidem
529 1558 608 1616 infra
635 1551 875 1638 ἆδελφοιιαιητόν
894 1569 980 1618 autor
999 1559 1155 1616 nominat:
1176 1578 1251 1617 nom
1334 1557 1338 1562 ’

140 1643 293 1722 strategio
307 1645 423 1723 Appius
443 1644 612 1722 Aegyptius
633 1653 718 1722 pater
738 1643 807 1717 fait,
829 1652 865 1703 ut
884 1645 1076 1703 Innocentius
1097 1646 1250 1704 Maronia-

140 1748 200 1788 nus
221 1728 324 1788 scribit
343 1732 377 1786 in
398 1729 486 1808 epist.
507 1726 548 1787 ad
560 1726 755 1791 Thematem.
797 1730 862 1787 llos
884 1732 977 1787 stiam
997 1722 1172 1810 ἆγαιιηταύς
1190 1747 1251 1788 uo-

140 1816 258 1873 miuare
272 1811 433 1874 Christiani
456 1824 687 1889 consueveraut3
712 1832 805 1894 qima
825 1814 915 1872 Felix
934 1833 1014 1893 papa
1035 1825 1158 1895 quartus
1180 1834 1251 1872 cum

141 1897 244 1958 adhuc
265 1901 359 1958 laicus
387 1899 552 1958 fraternam
578 1896 671 1957 fidem
699 1898 867 1957 lastiniano
892 1900 1038 1973 iurasset,
1067 1897 1179 1962 exinde
1197 1897 1251 1956 di-

141 1995 208 2044 ctus
228 1995 273 2044 est
292 1979 507 2048 'looosraraaari
527 1976 693 2066 ἆγαιιητὸς,
722 1993 757 2042 ut
784 1985 817 2040 in
843 1987 1048 2044 Romanorum
1071 1985 1251 2066 pontificum

140 2073 220 2130 seria
238 2071 351 2128 Graece
372 2071 538 2148 conscripta
564 2069 730 2128 observavi.
774 2071 839 2126 Hao
866 2067 974 2126 eadem
997 2071 1111 2128 ratione
1133 2079 1164 2127 et
1190 2068 1252 2128 fide

138 2158 302 2216 Iustiniani
321 2155 414 2213 frater
434 2156 493 2213 fuit
513 2151 722 2214 Theodoricus
745 2151 925 2212 Gotthorum
945 2173 1012 2229 rex,
1033 2163 1068 2212 ut
1088 2151 1250 2234 Theophi-

140 2242 192 2300 lus
213 2243 372 2300 lustiuiuni
396 2249 572 2319 praeceptor
593 2241 737 2319 explicat.
778 2241 883 2298 Ritum
903 2237 985 2298 hunc
1006 2232 1248 2317 ductaverant,
1370 2273 1373 2280 ·

140 2327 346 2408 antiquissimi
366 2334 467 2405 patres
488 2323 596 2384 hausto
607 2325 717 2384 Christi
738 2325 849 2402 poculo
872 2343 990 2383 sacrum
1009 2326 1157 2403 fecerunt¹
1179 2327 1250 2406 qui-

138 2411 200 2470 bus
222 2431 311 2470 curae
332 2412 391 2470 fuit
407 2421 541 2470 avertere
561 2411 629 2470 illas
646 2409 774 2470 humani
794 2413 907 2470 auroris
925 2412 1073 2491 potiones,
1095 2429 1170 2490 quas
1192 2409 1250 2467 ad-

141 2495 308 2557 hibuerunt
329 2516 391 2556 nou
412 2497 513 2556 solum
527 2497 662 2571 barbari,
685 2505 715 2555 at
736 2496 859 2554 orientis
881 2497 1002 2575 populi,
1022 2507 1058 2554 ut
1077 2496 1169 2554 refert
1185 2498 1250 2554 Lu-

141 2585 247 2641 cianus
268 2583 375 2641 inlib.
399 2579 606 2655 deamicitia,
636 2582 683 2639 cui
713 2580 819 2639 titulus
841 2591 887 2640 ast
911 2577 1050 2661 Τόξαρις,
1081 2578 1134 2639 sed
1157 2583 1249 2642 etiam
1266 2585 1342 2642 124

139 2670 274 2728 Romani
295 2664 335 2726 ad
356 2668 518 2743 arnicitias,
540 2664 665 2727 foedera
685 2677 716 2725 et
737 2667 957 2724 coniurationes
978 2665 1184 2724 stabiliendas.

228 2756 264 2811 Ρ.
285 2754 337 2827 46,
362 2755 412 2815 16.
454 2755 542 2812 Data
568 2751 729 2833 offensioni
749 2749 834 2828 Ioco]
864 2754 947 2808 llaec
974 2751 1109 2809 acerbius
1131 2747 1250 2809 Zacha-

141 2839 204 2896 rias
227 2835 307 2917 apud
326 2838 492 2916 Evagrium
516 2837 540 2896 l.
563 2839 584 2902 4
606 2857 632 2896 c.
655 2841 685 2902 8.
728 2833 944 2895 Emendaudua
969 2845 1013 2895 est
1032 2832 1249 2914 Theophanes,

142 2925 199 3004 qui
218 2924 331 3003 populo
353 2923 684 3003 Constantinopolitano
705 2922 849 2982 vitaliani
870 2919 995 2979 caedem
1016 2919 1174 2996 adscribit,
1198 2917 1250 2981 deri
1297 2915 1301 2925 ’

139 3004 327 3083 aduaticis
349 3002 534 3094 αἴνρρηιιὲναι
555 3011 599 3094 spi
618 3011 715 3092 καιρῷ
737 3009 793 3085 τῆς
812 2999 1041 3078 ἐπαναστάσεως
1062 3000 1158 3069 αὐτοῦ
1178 2997 1249 3067 κατ’

139 3087 350 3165 Ἀναιτασίου,
370 3090 463 3174 qaod,
483 3094 591 3174 iuquit,
613 3095 726 3152 multoe
741 3091 884 3151 deleverit
898 3111 958 3172 qao
973 3101 1103 3169 tempore
1115 3092 1149 3148 in
1160 3090 1251 3148 Ana-

140 3182 278 3239 stasiam
299 3199 390 3237 arma
410 3189 592 3258 sumpserat.
634 3176 695 3238 sed
716 3179 883 3239 Vitalianus
904 3196 997 3258 quam
1017 3177 1109 3235 fuerit
1129 3176 1250 3254 populis

142 3275 295 3344 acceptus,
316 3263 455 3343 publicae
477 3265 549 3322 illae
567 3262 797 3323 acclamationes
812 3262 974 3321 declarant.
1020 3261 1178 3323 Vitaliant
1187 3281 1252 3339 pa-

142 3352 231 3408 tricii
260 3351 353 3407 malti
380 3351 445 3408 aiut
471 3351 558 3409 anni.
604 3349 763 3409 Vitaliani
782 3345 943 3406 orthodoxi
963 3347 1055 3406 multi
1073 3347 1137 3406 sint
1157 3347 1250 3425 anni3

142 3453 222 3517 quas
242 3431 430 3514 Epiphanius
450 3437 564 3514 Tyrias
585 3433 619 3494 in
640 3437 728 3513 epist.
750 3432 851 3492 refert.

230 3522 266 3578 P.
284 3521 348 3596 Ι16,
371 3525 421 3585 17.
463 3522 548 3580 Eum
575 3522 607 3579 iu
640 3520 717 3579 aula
745 3521 838 3596 impie
864 3512 1112 3594 contrucidavit]
1148 3514 1251 3572 Victor

140 3605 320 3666 Tunneusis
346 3625 452 3665 eorum
480 3615 652 3685 temporum
673 3603 819 3685 aequalis.
866 3603 1050 3663 Vitalianus
1072 3600 1251 3672 Constanti·

141 3690 253 3770 nopoli
272 3692 355 3749 intra
373 3691 539 3769 palatium,
561 3691 627 3748 loco
650 3709 737 3770 quem
757 3685 943 3767 Delphicam
964 3687 1081 3747 Graeco
1101 3683 1251 3743 vocabulo

141 3773 269 3854 dicunt,
298 3773 470 3836 Iustiniani
491 3777 625 3856 patricii
642 3777 786 3854 factione
805 3771 924 3831 dicitur
943 3770 1121 3849 interfectus
1131 3769 1250 3850 fuisse.

141 3863 289 3920 Extincto
308 3863 478 3937 Vitaliano,
500 3863 554 3942 qni
575 3871 639 3920 erat
658 3863 804 3938 magister
823 3859 968 3931 militiae,
989 3857 1172 3916 lastinianus
1194 3853 1251 3912 de-

142 3948 283 4025 signatus
314 3957 360 4006 est
388 3946 453 4006 dux
477 3947 682 4006 Romanarum
710 3947 876 4022 legionum.
919 3944 965 4002 lta
992 3944 1141 4014 Zonaras,
1168 3941 1250 3998 Con·
1268 3942 1361 4003 V349

142 4034 297 4092 stantinus
324 4029 602 4112 Porphyrogenitus
635 4033 657 4089 l.
682 4031 696 4092 1
729 4028 842 4089 Them.
871 4029 922 4091 12.
956 4025 991 4089 ‘0
1017 4024 1108 4108 μέγας
1136 4025 1253 4098 ἐκεῖνος

142 4115 198 4182 eat
219 4111 400 4199 περιβόητος
420 4115 560 4198 decuma
578 4110 786 4189 Ἱουσιινιανὸς
813 4110 880 4188 (ὅτε
898 4114 961 4176 soie
983 4107 1143 4193 σιιήιιιρων
1163 4104 1250 4190 ἐκρά-

141 4224 191 4266 τει
211 4205 267 4282 τῆς
293 4200 462 4283 Ῥωμαῖκῆς
489 4203 642 4284 βασιλείας
670 4198 691 4266 o‘
716 4197 826 4262 τούτου
846 4203 934 4271 θεῖος
952 4190 1129 4273 lusoriam)
1158 4209 1252 4274 μιασ-

143 4285 312 4372 αιρᾶιηγος
346 4291 409 4352 ταῖν
440 4286 613 4372 Ῥωμαϊκῶν
649 4280 808 4371 ταγμάτων
841 4287 961 4368 Καῖσαρ
994 4279 1038 4348 aie
1070 4273 1251 4365 ἒχρρμᾶιιζ.
