2959 4792
243 328 319 402 398
589 324 638 398 nt
661 324 773 397 IIISI'.
797 326 996 397 tactum

241 493 408 555 Iustiniana
433 493 466 553 in
487 492 602 576 campo
621 494 786 555 Armeniae
808 494 933 559 maioris
953 494 1086 557 anina
1110 503 1228 559 vocato.
1270 496 1352 556 Pro-

286 583 390 661 oopius
412 580 473 643 1.3
495 580 588 640 aedit.

241 668 417 740 iustinians,
439 686 517 747 quae
530 668 627 747 Synna
648 663 803 749 qnondam
823 666 997 744 uocabatur,
1018 665 1110 728 modo
1124 668 1243 727 Galata.
1285 669 1353 725 No-

282 752 355 811 vell.
372 751 424 815 59.
447 750 558 811 Chaon.
580 752 748 811 Alexandr.
770 751 917 832 Stephon.
940 750 978 811 de
1000 752 1072 814 Urb.
1094 751 1227 834 Hasyob.

240 838 485 917 Iustinianopolis
506 857 585 898 nova
606 842 639 896 in
659 840 761 897 insula
781 840 891 918 Cypro.
935 838 1051 918 Synod.
1071 840 1173 898 Trull.
1192 860 1260 897 can.
1277 839 1332 901 39.

239 924 486 1003 Iustinianopolis
506 926 539 982 in
554 926 656 1003 Epiro,
680 925 756 983 olim
769 921 993 1003 Adrianopolis.
1037 928 1164 1004 Procop.
1180 926 1203 983 l.
1219 923 1240 987 4
1259 920 1354 981 aedit.

240 1010 486 1087 Iustinianopolis
511 1028 565 1069 seu
586 1011 722 1091 Myloma
748 1009 782 1067 in
801 1007 995 1091 Pamphylia.
1037 1014 1075 1069 In
1100 1010 1278 1091 provincial.
1302 1028 1355 1066 eo-

286 1094 357 1153 oles.
379 1098 513 1154 orientis.

241 1179 488 1259 Iustinianopolis
509 1180 572 1239 siva
594 1178 723 1259 Spahan
748 1178 782 1235 in
800 1177 929 1236 Galatia.
971 1176 1101 1238 Ibidem.

242 1266 503 1344 Iustinianopolis,
526 1284 603 1345 qnae
622 1275 653 1322 at
668 1264 779 1323 Eraria
798 1264 832 1320 in
851 1261 1016 1323 Phoenicia
1037 1266 1156 1327 Libani.
1198 1260 1332 1323 Ibidem.

243 1350 488 1429 Iustinianopolis
509 1352 542 1408 in
564 1348 695 1409 secunda
718 1345 919 1429 Cappadocia.
961 1349 1078 1431 Synod.
1093 1353 1132 1413 V.
1153 1350 1314 1411 Constant.

244 1436 490 1516 Iustinianopolis
514 1434 593 1493 diota
616 1436 778 1515 Cypselon.
820 1432 952 1495 Ibidem.

245 1523 491 1601 IustInianopolis
512 1524 545 1579 iu
563 1524 718 1579 Armenia.
759 1517 888 1577 Ibidem.

245 1608 491 1686 Iustinianopolis
511 1607 767 1665 Camulianorum.
809 1602 938 1664 Ibidem.

246 1693 492 1771 Iustinianopolis
513 1692 546 1749 in
567 1690 720 1769 Bithynia.
764 1687 893 1748 Ibidem.
936 1690 1070 1762 Quarum
1091 1689 1227 1771 episoopi
1247 1687 1358 1750 Theo-

290 1776 404 1852 dosius,
427 1778 581 1855 Georgius,
605 1776 777 1857 Gregorius,
801 1776 943 1852 anilius,
964 1772 1161 1838 Iisoedonius
1182 1774 1286 1836 eidem
1306 1780 1357 1837 in-

287 1862 458 1923 terfuerunt
478 1860 607 1943 syuodo.

684 2014 922 2073 Orraon

245 2137 493 2219 Iustinianopolis
514 2132 661 2219 oppidtnn
681 2131 715 2190 in
735 2132 845 2213 Mysia.
886 2130 1051 2213 Prooopins
1070 2130 1095 2191 l.
1116 2129 1138 2197 4
1159 2131 1253 2196 aedis.

676 2288 930 2347 Peneon

246 2411 448 2473 iustinianeus
468 2419 574 2491 portus
591 2406 740 2487 Byzantii,
764 2403 828 2469 issi
844 2388 1054 2481 iobotsvtotvdo
1071 2401 1199 2492 κατῴκει
1219 2408 1282 2492 πρὸ
1303 2416 1358 2476 τοῦ

288 2498 484 2665 &afflatae
505 2494 568 2640 cipi
589 2492 783 2555 Ιαοιὺιίαηω
804 2501 970 2573 arsiequom
989 2493 1160 2575 imputaret,
1180 2494 1357 2561 Ιιώὶιαόαι.

693 2730 908 2790 Domus

246 2850 467 2913 Iustiuisneum
493 2849 658 2930 palatium,
687 2850 804 2930 inquo
833 2851 976 2930 rasoripta
1002 2850 1192 2931 imperatoris
1211 2853 1358 2933 vulgabat

290 2934 510 2997 Demosthenes
531 2936 701 3016 praefectus
720 2938 884 3016 praetorio.
924 2938 962 2996 In
982 2932 1051 2996 nod.

526 3102 538 3137 Ι
643 3090 969 3149 hunuanus
1061 3111 1078 3155 t

250 3208 434 3271 lastinianus
448 3202 536 3286 'apex
554 3207 582 3264 I.
602 3206 702 3265 littera
724 3204 804 3267 diota
824 3206 899 3284 init,
920 3218 957 3268 ut
976 3208 1098 3289 coripp.
1117 3210 1141 3269 l.
1163 3217 1196 3278 1.

416 3293 561 3353 Nominis
583 3302 610 3350 et
630 3294 706 3348 recti
726 3292 846 3353 Iustino
868 3294 902 3352 ln
916 3296 1057 3374 principe
1077 3298 1156 3355 vivit

415 3376 611 3440 lastinianus
628 3396 713 3457 apes.
947 3396 954 3409 ·

705 3533 732 3592 1.
753 3552 767 3593 1
787 3551 808 3593 a
828 3550 853 3593 n
874 3551 900 3595 r.

248 3630 469 3693 iustinianeurn
491 3628 656 3711 digestum.

247 3720 450 3779 Iustinianeus
472 3717 580 3779 codex.
621 3719 739 3778 Novell.
756 3722 797 3785 66
817 3719 841 3777 l.
860 3719 952 3778 unios
973 3716 1013 3781 da
1031 3738 1105 3782 nor.
1126 3716 1194 3782 aod.
1214 3720 1276 3782 iso.

624 3871 995 3933 Sononsnua

247 3986 407 4045 Iustiniani
420 3990 510 4067 nori3
531 3988 605 4050 iuris
621 3987 784 4067 candidati,
799 3992 875 4051 olim
886 3988 1052 4073 anondii.
1093 3992 1235 4054 Pmoem.
1249 3990 1360 4075 digest.

660 4145 952 4205 Drsnsxn

253 4238 483 4301 Iustinianenm.
527 4244 628 4305 Genus
650 4244 806 4327 quoddam
828 4246 1008 4307 diadematis
1027 4246 1206 4328 imperialis.
1248 4250 1360 4331 (ἔασι-ς.
1466 4233 1467 4282 l

296 4326 403 4390 Godin.
424 4326 462 4389 da
484 4346 545 4411 quo
567 4328 666 4391 dinam
686 4333 767 4392 infra
787 4331 828 4394 ad
848 4354 880 4415 p·
902 4336 944 4399 68
965 4335 1020 4395 liu.
1042 4340 1095 4402 26.
