2959 4792
519 306 664 377 nom
687 306 911 381 tinniunt.
1188 305 1267 383 425

164 490 322 551 morans,
343 482 378 535 et
394 470 545 535 Adrianus
565 474 706 555 pontifex
725 474 880 535 Ambrosii
898 474 1072 538 testimonio
1086 474 1129 537 sd
1147 478 1269 541 Gratis·

161 580 239 619 num
264 580 333 620 eam
359 571 472 621 rocem
486 562 631 621 tributam
657 560 889 641 imperatoribus
909 562 1004 622 fnisse
1028 561 1214 626 demonstrat
1234 568 1269 626 in

163 666 242 726 susp.
265 644 305 705 od
326 647 468 707 coruum
488 666 635 726 magnum
655 666 711 728 pro
733 648 860 707 concilio
880 648 994 709 Nicenc
1015 648 1159 711 secundo.

247 736 284 791 P.
303 732 362 808 85,
387 736 438 797 12.
486 734 521 792 A
540 732 653 813 quidue
677 732 783 792 nullae
803 754 874 791 erem
895 733 1030 793 cohibere
1050 756 1189 815 unquam
1203 758 1267 817 po-
1281 737 1307 792 Α
1323 740 1358 796 tt

162 818 244 896 tute]
284 816 407 877 Scilicet
433 820 562 877 Romani
591 818 767 898 pontifices,
795 820 849 899 qni
877 828 943 877 tum
970 839 1062 899 saepe
1088 824 1271 902 Byzantium

162 902 363 982 appulerunt,
391 905 537 979 loannes,
559 906 730 983 Agapetns,
759 904 932 983 Sylverins,
954 906 1099 984 vigilius,
1127 908 1270 987 Pelagius

161 990 317 1047 Romanae
344 989 487 1048 ecclesiae
508 986 752 1064 archidiaconus,
781 990 894 1069 aliique
916 991 1040 1051 orientis
1065 994 1200 1073 episcopi
1220 992 1271 1053 di-

162 1074 234 1132 vino
262 1074 329 1132 zelo
356 1076 511 1134 succensi:
538 1073 575 1133 de
597 1072 646 1133 his
671 1092 734 1133 nou
756 1070 880 1149 dubito,
905 1094 978 1135 nam
998 1079 1128 1158 Agapeti
1149 1076 1269 1139 diaconi

162 1158 486 1240 constantinopolitani
512 1162 679 1221 etiamnum
707 1160 830 1221 libellus
858 1170 959 1239 extat,
986 1182 1093 1223 censor
1108 1165 1270 1224 Iustiniani

161 1262 283 1303 marum
303 1262 339 1303 ac
358 1247 449 1305 ritae.

245 1330 282 1388 Ρ.
300 1331 353 1405 86,
376 1336 407 1393 1.
448 1331 521 1389 Ηοο
540 1330 755 1389 Romcasorum
770 1330 912 1411 praita'pe
930 1331 1023 1391 nulla
1034 1332 1135 1412 firma
1155 1329 1270 1394 dedeo

151 1414 228 1494 snit
247 1417 407 1490 sententia,
426 1415 476 1474 vel
487 1412 586 1498 fides]
613 1412 651 1474 ld
669 1415 888 1475 ecclesiasticae
908 1417 992 1477 illius
1008 1421 1152 1499 temporis
1171 1416 1271 1481 histo-

161 1501 226 1558 riae
252 1500 430 1581 loquuntur.
471 1503 550 1560 Nam
578 1510 647 1559 tum
675 1501 726 1560 vel
754 1502 870 1581 priores
897 1498 1038 1563 haereses
1065 1506 1270 1583 invaluerant,

160 1594 197 1645 nt
216 1584 488 1663 Manichaeorum,
509 1584 788 1663 Sabbmimwtm,
809 1588 1112 1667 Menophyeitamm,
1139 1600 1170 1649 et
1191 1592 1271 1652 alic·

160 1688 242 1731 rum.
284 1672 341 1733 Vel
363 1673 441 1732 aliae
461 1683 528 1732 tum
550 1673 684 1753 primum
705 1672 886 1748 extiterunt,
907 1675 1195 1753 insuetudinem,
1215 1678 1271 1738 Se-

160 1758 368 1837 aerianorum,
389 1756 675 1831 lbeodoaianorum,
692 1758 928 1836 Geminorum,
939 1760 1163 1840 Agroitarum,
1179 1762 1271 1822 steo-

155 1841 394 1922 paechs'tarum,
414 1840 777 1923 Aphtbartodceitarum.
824 1846 1052 1906 victorum.
1085 1844 1270 1908 Theodosius

161 1928 266 2007 Sagae
294 1928 382 2008 (lege
402 1928 514 2009 ιῗγοοο)
536 1929 690 2009 relegatae
710 1939 808 1989 totam
822 1950 899 2011 pene
912 1931 1090 2013 palatium,
1118 1945 1147 1992 et
1166 1935 1271 1993 maxi-

161 2031 247 2072 mam
266 2017 370 2094 regiae
389 2014 477 2073 urbis
497 2024 621 2094 partem
648 2034 709 2073 sua
722 2012 861 2093 perfidia
886 2018 1066 2078 maculavit.
1109 2020 1197 2097 Quae
1217 2040 1271 2078 co-

161 2100 248 2157 aaas'o
265 2101 386 2158 ematis
400 2120 477 2179 pene
497 2098 674 2159 haeresibus
693 2099 851 2159 licentiam
869 2100 989 2175 tribuit,
1009 2104 1057 2161 ita
1076 2113 1113 2162 ut
1132 2125 1196 2163 nore
1214 2126 1270 2163 ac-

160 2184 230 2243 um
255 2183 507 2244 theodosianitae
513 2226 527 2258 ,
556 2182 611 2243 sed
631 2195 659 2243 et
681 2185 850 2246 Gaianuae
869 2186 1061 2253 Monasteria
1082 2199 1177 2270 atque
1198 2211 1272 2249 ora-

162 2272 246 2329 toria
267 2268 355 2349 apud
368 2270 472 2329 urbem
489 2273 607 2351 regiam
625 2272 872 2333 eomtruxiseeot.
916 2270 979 2332 Sed
995 2284 1127 2353 praestat
1149 2273 1187 2335 de
1207 2295 1270 2336 uno

161 2357 328 2415 lmtiniano
349 2353 400 2414 hic
422 2355 531 2415 dicere.
571 2356 674 2416 Sensit
694 2356 748 2415 ille
770 2375 841 2415 cum
861 2355 1079 2437 Eutychiana,
1107 2372 1272 2442 antequam

161 2442 343 2519 Byzantium
370 2443 487 2501 veniret
506 2443 660 2522 Agapetus
688 2442 846 2522 pontifex3
875 2463 894 2502 a
923 2462 984 2525 quo
1015 2454 1084 2525 post
1113 2444 1270 2507 diuturnas

162 2527 388 2603 altercationes,
410 2536 490 2586 recta
511 2537 557 2586 est
576 2528 711 2587 imbutus
731 2530 891 2587 sententia.
933 2532 1111 2591 Anastasius
1131 2531 1164 2589 in
1184 2534 1270 2611 Aga-

161 2620 251 2693 peto,
278 2614 392 2671 Pardus
418 2614 570 2673 Diaconos
598 2614 630 2670 in
659 2614 837 2673 Iustiniana.
885 2612 1082 2674 Theodoram
1110 2620 1272 2697 coniugem

161 2698 328 2756 meritarum
346 2699 418 2758 licet
434 2695 605 2757 haeresium
624 2698 693 2757 labe
714 2700 959 2775 contaminatam,
981 2710 1015 2759 nt
1036 2699 1076 2759 ad
1096 2705 1201 2782 p.121
1222 2701 1273 2762 di-

161 2800 283 2858 cemus,
305 2792 336 2843 et
357 2804 375 2843 a
396 2785 522 2843 summis
544 2784 735 2862 pontificibus
755 2785 851 2842 semel
873 2796 963 2866 atque
983 2788 1095 2847 iterum
1115 2788 1271 2867 religionis

161 2888 247 2928 ream
261 2868 299 2929 ob
321 2866 354 2927 id
373 2870 612 2949 pronunciatum,
634 2888 792 2950 nunquam
805 2871 989 2931 lastinianus
1004 2874 1145 2932 coenent
1187 2876 1271 2933 Eva-

161 2955 246 3033 grius
272 2954 296 3013 l.
316 2953 350 3019 4.
399 2956 468 3033 lpse
498 2952 628 3037 denique
655 2957 689 3013 in
713 2950 1053 3034 Aphthartodocitarum
1081 2960 1271 3038 impietatem

161 3040 282 3120 lapsus,
303 3036 452 3119 Eutychio
473 3040 611 3119 praesule
631 3041 962 3121 constantinopolitano
985 3063 1002 3102 a
1023 3062 1084 3125 qno
1105 3042 1271 3124 redargue-

161 3122 297 3184 hatnrin
319 3126 448 3185 exilium
462 3126 561 3205 pulso,
583 3128 811 3206 conscriptaque
826 3124 925 3186 edicto
945 3148 1001 3209 pro
1023 3126 1131 3187 eadem
1151 3126 1270 3191 haeresi

161 3208 338 3285 statuenda,
368 3213 505 3271 morium
555 3212 666 3289 Evagr.
696 3212 719 3269 l.
743 3210 775 3274 4.
818 3212 921 3272 Victor
945 3216 1050 3274 Tunn.
1093 3214 1270 3276 Eustathius

160 3296 324 3377 Presbyter
343 3294 377 3355 in
398 3298 461 3356 vita
482 3298 578 3357 sancti
598 3294 758 3376 Eutychii,
780 3298 834 3378 qui
855 3300 1014 3359 Iustiniani
1036 3302 1178 3380 aequales
1199 3303 1269 3360 fne-

161 3392 248 3455 runt3
276 3392 430 3461 praeterae
449 3379 673 3464 Theophanes,
700 3384 851 3461 Zonaras,
873 3384 1045 3464 cedrenus,
1070 3384 1268 3467 Nicephorus,

161 3478 194 3526 et
216 3468 280 3526 alii.

247 3556 284 3611 P.
306 3554 357 3628 86,
378 3555 411 3615 2.
457 3552 588 3613 Nullam
614 3552 726 3613 stabile
747 3552 819 3634 iae]
848 3555 1049 3628 Quamobrem
1067 3565 1114 3617 tot
1130 3553 1270 3617 videmus

161 3638 367 3699 Antronas
388 3640 421 3697 in
442 3638 601 3699 Iustiniani
623 3641 897 3701 constitutionibus.

246 3726 283 3784 1³.
301 3726 361 3800 87,
385 3728 416 3789 3.
462 3723 571 3798 Cibus,
594 3735 752 3831 potaepue
771 3726 821 3785 ila·
840 3745 1001 3806 nunquam
1021 3721 1069 3785 ad
1085 3728 1271 3808 satiantem]

160 3806 249 3868 ldem
269 3807 362 3869 habet
387 3808 411 3869 Ι.
437 3814 453 3874 1
475 3808 514 3869 de
535 3807 629 3869 aedil.
657 3832 695 3873 οο
716 3808 773 3891 pio
792 3833 840 3873 τοι
863 3806 936 3874 odat
955 3806 1075 3886 τούτοις
1098 3809 1272 3895 κατακορής

161 3894 267 3977 γέγονε
293 3888 432 3972 πώποτε,
461 3888 537 3957 ittet
564 3894 617 3957 sal
644 3892 738 3976 risina
759 3896 847 3959 doira
868 3896 1002 3978 αἱροῖτο,
1023 3889 1274 3982 ἀπογευσάμενος

161 3975 281 4041 τούτων
309 3976 349 4060 δή
376 3982 438 4042 τοῖν
460 3974 543 4065 crispi
563 3978 736 4061 diadinae,
765 3976 830 4045 elec
853 3983 972 4062 μεθίει,
1001 3978 1090 4046 οὔπω
1117 3978 1273 4064 ὶδηδοκοὸς

161 4060 200 4128 sci
223 4057 369 4146 οὖτᾶρκη.
413 4066 519 4145 Neque
532 4067 561 4123 ie
583 4086 722 4146 unquam
741 4064 787 4125 ad
804 4070 978 4127 satistatem
998 4091 1031 4127 ee
1050 4070 1198 4150 esplevit5
1218 4065 1276 4127 sed

162 4170 234 4209 mane
254 4149 358 4209 cibum
378 4164 514 4229 sumeres,
535 4149 673 4211 delibata
690 4162 814 4212 tautum
824 4154 955 4233 fereula
973 4156 1083 4215 atatim
1103 4154 1273 4226 crtiuebat,

161 4233 302 4297 nondam
321 4234 452 4295 cibariis
465 4258 525 4316 pro
546 4240 723 4299 necessitate
743 4240 892 4300 comestis.

248 4322 367 4401 1³·87,
388 4324 422 4388 8.
462 4325 559 4403 Saepe
580 4344 676 4386 uuum
701 4334 796 4407 atque
817 4326 951 4387 alterum
975 4321 1075 4408 dian,
1102 4336 1274 4406 uocumque
