2959 4792
221 191 299 269 424
574 192 621 265 IN
644 190 758 269 fflST.
779 191 976 269 sacrm

221 359 294 420 inde
315 378 333 419 a
355 357 551 421 Constantino
570 376 683 439 magno
706 359 794 440 qnasi
819 367 967 421 tesseram
986 356 1140 437 religionis
1161 374 1256 439 quern
1277 375 1338 417 co-

129 454 206 515 Ηθ
222 448 329 521 ierem,
350 448 399 505 Pii
419 464 532 505 nornen
552 445 610 504 sihi
630 440 832 505 vindicarunt.
873 447 902 503 A
920 444 1089 503 Gentilibus
1109 444 1164 506 illa
1187 462 1224 503 se
1240 462 1338 502 acce-

214 534 302 615 pisse
323 532 466 591 iatenmr.
508 532 663 591 llnrvrrrs.
686 547 864 591 accusent.
889 531 1028 592 Cerere·

305 618 342 676 Ρ.
364 613 416 691 84,
441 614 492 680 15.
535 616 575 675 Ire
593 616 709 675 coelum
729 618 896 696 improviso
916 612 1132 693 arriperetur]
1162 610 1335 671 consecre-

220 704 337 763 ticnsm
358 712 388 761 et
403 694 590 779 ἀποθέωσιν,
612 720 667 761 suo
688 720 783 777 more,
804 698 864 761 hoc
883 711 938 776 est,
960 700 1137 773 Gentilium,
1158 697 1334 777 siguificare

220 788 424 849 Trihcnianus
444 786 576 861 volebat,
597 784 774 848 huiusmodi
793 797 896 865 raptus
916 789 949 845 in
970 787 1092 849 coelum
1109 785 1277 845 etiamnum
1295 783 1333 839 in

220 874 437 953 imperatorum
457 874 646 932 nomismatis
667 883 698 932 et
717 874 751 931 in
771 873 886 931 fornice
906 874 1002 931 Arcus
1018 872 1085 930 Titi
1104 872 1220 929 Romae
1240 865 1332 927 vide-

220 978 306 1034 mus,
336 969 366 1017 et
387 958 420 1015 iu
441 976 497 1018 suc
516 956 590 1017 ludo
610 958 728 1018 Seneca
748 954 875 1017 deridet.
918 954 1116 1038 sicquidem
1141 967 1274 1033 nugator
1297 961 1333 1009 et

220 1040 317 1117 ἔθεος
337 1043 551 1103 Tribcnienus.
593 1045 706 1104 Verum
728 1063 769 1103 ex
790 1040 968 1103 Christianis
991 1061 1055 1103 non
1082 1038 1180 1099 defuit
1198 1042 1332 1099 loannes

220 1126 396 1189 calcedonii
415 1128 496 1187 filius
517 1129 864 1209 constantinopolitanus
886 1124 1073 1207 patriarcha,
1094 1127 1150 1207 qui
1169 1123 1220 1205 (ut
1237 1126 1333 1183 Nice-

221 1212 337 1297 phcrus
359 1210 414 1290 ait)
436 1210 547 1272 abhinc
568 1216 655 1274 annis
673 1212 902 1295 quadringentis
922 1212 1053 1273 solemni
1072 1213 1133 1270 ritu
1153 1212 1233 1269 inter
1251 1210 1333 1267 mis·

220 1316 327 1361 sarum
346 1300 508 1377 religiones
528 1300 687 1359 Iustiniani
715 1301 804 1381 quasi
831 1300 916 1359 coelo
936 1298 1051 1378 recepti
1076 1296 1258 1355 memoriam
1277 1314 1333 1353 ce-

219 1384 360 1446 lebravit.
402 1386 438 1441 ln
467 1402 528 1464 quo
556 1385 636 1445 facto
666 1385 807 1445 Greeculi
834 1382 1019 1444 schismatici
1044 1382 1198 1441 levitatem
1224 1377 1330 1453 ridee3

219 1488 293 1529 nam
313 1470 347 1527 in
375 1470 584 1529 ecclesiasticis
605 1471 750 1531 Romanis
774 1468 903 1545 tabulis,
930 1479 962 1529 et
989 1470 1023 1527 iu
1050 1468 1124 1548 ipsis
1146 1467 1332 1525 Graecorum

220 1554 403 1633 menologiis
432 1555 552 1613 nullum
577 1556 736 1615 Iustiniani
764 1557 897 1615 nominis
924 1555 1089 1633 vestigium
1117 1560 1252 1631 apparet.
1295 1549 1333 1608 Si

219 1658 357 1721 nuquam
378 1660 396 1697 a
418 1641 563 1720 quopiam
583 1640 768 1700 Graecorum
786 1642 976 1721 inscriptum,
997 1650 1028 1699 et
1045 1635 1156 1696 deinde
1177 1636 1330 1710 almum,

219 1734 252 1783 et
279 1725 472 1784 obliterarum
499 1736 564 1801 επις
594 1722 653 1784 hcc
683 1727 786 1806 ipsum
811 1728 1006 1785 temerarium
1030 1724 1114 1783 illius
1142 1718 1333 1801 patriarchae

219 1810 337 1871 factum
367 1807 515 1891 explodit.
558 1812 663 1871 Patres
684 1813 805 1871 concilii
824 1812 967 1871 Trulleui
992 1812 1026 1869 in
1048 1807 1236 1888 praefatione
1256 1825 1334 1865 suo-

220 1914 291 1955 rurn
312 1914 461 1955 canonum
481 1900 538 1975 τῆς
557 1897 646 1971 θείας
666 1893 780 1977 λήξεως
799 1899 1002 1957 lastinianum
1023 1892 1148 1966 dixere3
1174 1902 1206 1951 et
1227 1903 1331 1972 patret

222 1982 344 2043 concilii
373 1982 454 2040 sexti
482 1982 531 2041 ΟΡ
561 1984 653 2041 etiarn
680 1979 887 2043 Theodoram.
930 1980 994 2043 Sed
1019 1999 1069 2044 ee=
1085 1976 1206 2037 dicendi
1231 1978 1333 2037 forme

221 2068 360 2127 omnium
381 2064 620 2127 Christianorum
640 2068 804 2129 Caesarum
822 2070 986 2127 memoriae
1006 2066 1151 2146 prosequi
1169 2065 1332 2142 scriptores

221 2153 332 2211 solent.
375 2152 476 2211 Etiam
496 2154 691 2228 humesium
714 2154 930 2234 imperatorem
949 2152 1144 2211 Haereticam
1165 2151 1207 2207 ita
1227 2148 1334 2208 uomi-

219 2248 329 2295 natum
354 2256 446 2317 cupre
470 2234 512 2297 ad
538 2258 570 2318 p.
598 2238 641 2303 26
668 2238 723 2297 lin.
752 2243 782 2301 1.
808 2238 924 2297 noteri.
965 2239 1070 2296 Patres
1100 2234 1222 2295 concilii
1250 2234 1332 2292 sexti

221 2322 563 2401 constantinopolitani,
598 2333 633 2381 ut
660 2326 695 2382 in
721 2322 905 2405 quibusdem
932 2321 1145 2400 manuscriptis
1176 2316 1332 2380 codicibus

222 2418 287 2482 est,
315 2408 516 2466 Iustinianum
537 2406 571 2470 le
593 2402 693 2489 ἁγίοις
712 2419 833 2472 vocent.
874 2405 938 2470 Sed
957 2406 1033 2491 quid
1053 2403 1123 2465 est‘l
1150 2408 1245 2463 etiam
1264 2407 1332 2463 Au-

222 2489 312 2551 dreas
332 2489 505 2571 Ephesiam
524 2494 658 2553 Autistes
686 2494 804 2553 actione
826 2490 944 2553 decima
971 2490 1082 2575 synodi
1102 2488 1334 2550 Chalcedonen-

222 2578 266 2636 sis
286 2574 497 2636 Theodosium
517 2578 668 2637 iuniorem
690 2576 723 2643 ir
744 2576 843 2661 dylcrr
864 2578 960 2638 semel
986 2589 1077 2659 atque
1098 2578 1210 2635 iterum
1228 2578 1334 2635 norni-

222 2671 294 2737 net,
324 2672 355 2719 et
375 2671 463 2721 autor
483 2663 562 2721 vitae
584 2666 681 2722 sancti
700 2664 763 2723 Nili
786 2661 998 2725 Theodosium
1017 2664 1168 2723 seniorem
1187 2660 1222 2725 ie
1243 2654 1335 2744 rini-

221 2750 304 2822 iore,
333 2756 364 2807 et
385 2747 547 2807 concilium
566 2749 755 2825 Romanum,
778 2747 961 2810 Gotthcrum
980 2768 1084 2829 regern
1104 2744 1333 2807 Theodericum

223 2842 367 2891 emotum
381 2835 554 2913 principare
580 2830 675 2911 dixit3
704 2853 835 2916 quornm
854 2836 957 2895 nullus
979 2836 1014 2894 in
1034 2835 1140 2893 elbum
1159 2842 1334 2891 sannorum

223 2918 336 2977 relatus
357 2928 421 2994 est,
443 2928 474 2977 et
494 2915 703 2980 Theodoricus
724 2921 855 2979 Ariaum
875 2920 943 2979 init.
988 2917 1070 2993 Quid
1088 2915 1199 2999 plural
1228 2921 1335 2999 lrnpe·

223 3012 339 3062 ratores
358 3004 474 3083 passim
495 3020 737 3082 ercamssrrrr,
766 3014 798 3064 et
817 3022 1010 3067 nrvmssrrrr
1035 3004 1244 3085 appellantur3
1272 3004 1335 3084 ipsi

224 3084 264 3146 de
292 3108 341 3164 se,
370 3106 524 3149 aosraurr
550 3106 676 3167 rursm
707 3110 815 3151 eorum
839 3089 1007 3172 diplcmete
1035 3106 1173 3167 secare,
1199 3106 1334 3149 aarum

223 3189 404 3249 emeram
430 3174 511 3233 Aule
533 3191 661 3235 sroacrr
680 3192 863 3252 rrnrmnu,
891 3192 1155 3249 corrosorum
1185 3175 1253 3253 ipse
1272 3177 1336 3233 iru-

224 3268 399 3339 peratorum
419 3276 570 3320 mersura
592 3276 695 3321 secat
719 3271 943 3342 nuncupantur.
985 3260 1154 3322 orbiculos-i
1179 3261 1236 3320 iilo
1265 3258 1336 3319 die-

225 3341 364 3420 demate,
387 3342 470 3425 quod
492 3342 550 3405 diis
572 3346 647 3405 clim
668 3348 837 3426 gentilitas,
857 3366 914 3407 nos
935 3348 1046 3408 unctis
1067 3347 1141 3405 viris
1160 3346 1336 3424 tribuimus,

226 3426 368 3489 redimita
394 3433 611 3510 imperatorum
638 3433 737 3512 capita
762 3435 795 3491 in
823 3452 929 3493 eorum
952 3433 1089 3492 nummis
1113 3450 1215 3490 nonne
1245 3430 1337 3490 ride·

122 3518 214 3579 {³14³
228 3512 322 3575 musi
343 3516 389 3573 lla
409 3534 498 3596 porro
520 3536 582 3577 non
602 3520 719 3593 meriti,
741 3514 798 3577 sed
817 3518 983 3598 imperialis
1004 3530 1036 3577 et
1056 3518 1156 3594 regiae
1177 3514 1336 3595 dignitatis

226 3602 435 3681 praerogative
456 3610 511 3661 eet.
554 3604 633 3663 Nam
653 3604 860 3663 emotissimus
880 3614 996 3683 martyr
1016 3603 1179 3682 Dionysiae
1193 3604 1337 3661 Alexan-

228 3684 341 3761 drinus,
363 3695 398 3746 ut
420 3696 506 3747 autor
527 3698 574 3747 est
593 3688 759 3763 Eusebius,
782 3690 875 3747 etiam
895 3689 1089 3749 Valerianum
1108 3698 1141 3746 et
1160 3688 1337 3747 Gallienum

228 3772 356 3849 gentiles
374 3774 534 3851 principes,
555 3775 768 3832 eorrotisrirrsce
786 3776 984 3854 nuncuparit.
1024 3772 1121 3855 quue
1142 3776 1268 3834 omnino
1289 3784 1336 3834 est

228 3853 450 3917 observandum
471 3855 553 3939 apud
574 3860 790 3919 ecclesiasticos
811 3863 972 3940 scriptores
992 3878 1044 3918 ees
1064 3857 1187 3918 dicendi
1209 3859 1335 3937 ἱοωιαι,

228 3937 300 4005 div
321 3938 434 4023 drinio,
457 3940 475 4007 ὁ
495 3940 529 4007 ὒν
547 3940 660 4021 ὁσίοις,
686 3942 706 4009 ὅ
725 3943 760 4010 is
780 3937 929 4027 ἆγγίλοις,
956 3942 1079 4007 honoris
1099 3955 1217 4004 tantum
1238 3948 1335 4026 gratie

226 4044 447 4107 nonnunquam
467 4032 616 4109 usurpari.
658 4030 756 4103 Quare
775 4032 868 4094 nimis
889 4040 994 4091 cautus
1014 4041 1062 4091 est
1080 4030 1229 4110 interpres
1249 4040 1335 4093 oete-

218 4109 491 4259 ·hiiffhdidh'
514 4117 1067 4286 ‘'hitetitltrltttltt
1082 4134 1176 4261 Ἠ
1196 4127 1335 4264 'tlh
