2959 4792
535 282 679 355 torm
702 280 928 353 ALEMAlllll.
1210 280 1284 353 393
1354 320 1359 327 ·

180 446 352 533 temporum
373 452 515 535 aequales
535 448 699 512 lommdes
721 462 753 511 et
773 451 924 532 Gyrillus3
953 446 1009 510 ssd
1026 466 1090 509 non
1110 440 1210 510 s'olum
1229 468 1288 509 sn-

179 560 256 599 num
279 558 394 598 nonum
417 541 535 617 exegit,
558 557 665 597 rerum
686 539 780 597 etiam
801 537 941 597 excessit.
982 536 1175 595 Marcellinus
1195 536 1289 594 lusti-

180 627 265 683 nieni
287 625 490 683 cancellarius
511 621 587 682 duos
614 634 769 703 praeterea
789 642 910 682 menses
931 618 1033 695 addit3
1065 622 1230 699 Euagrius,
1258 630 1291 679 et

179 712 246 789 ipse
267 707 461 787 synchronus
482 720 544 768 tres
565 719 684 768 tuntum
705 707 788 783 dies3
822 710 846 767 1.
866 705 889 771 4
916 728 943 765 ο.
965 710 997 768 9.
1038 704 1101 766 Sed
1121 708 1154 763 in
1175 708 1291 765 utrius·

181 814 242 875 que
270 795 355 854 libris
384 792 531 853 mendum
557 796 658 855 inesse
684 796 788 874 polum
808 804 864 854 est.
906 795 986 852 Eam
1006 792 1049 849 ait
1067 794 1216 869 Euagrius
1235 794 1291 850 Iu-

180 883 295 940 stinum
318 898 397 939 anuo
425 881 546 960 imperii
567 890 686 955 octavo,
715 898 821 939 mense
841 897 923 937 nono
945 878 985 958 (is
1008 887 1072 935 erat
1091 874 1232 952 Martius)
1253 894 1291 935 ao

181 967 270 1025 tertio
293 962 342 1023 die
363 968 563 1025 Iustinianum
583 967 761 1047 participem
781 966 868 1043 regui
887 964 1006 1036 fecisse,
1028 973 1058 1021 et
1079 982 1150 1020 cum
1171 981 1206 1019 eo
1227 963 1290 1019 im·-

181 1068 303 1129 perssse
323 1070 443 1109 meuses
461 1060 599 1131 quatuor,
620 1049 654 1109 id
675 1061 729 1127 est,
753 1070 772 1109 s
792 1047 933 1109 Calendis
947 1048 1062 1126 Aprilis
1082 1045 1122 1104 sd
1140 1045 1290 1105 calendas

178 1136 328 1195 Sextiles.
371 1138 484 1214 Exegit
500 1154 570 1214 ergo
584 1138 716 1196 lustinus
739 1138 773 1195 in
793 1136 922 1215 imperio
943 1152 1038 1191 annos
1057 1150 1179 1207 norem,
1199 1152 1290 1191 men·

183 1240 249 1280 sem
277 1240 392 1296 uuum,
423 1221 488 1281 dies
509 1231 582 1281 tres.
622 1224 739 1301 Nempe
760 1220 914 1280 decimum
940 1238 1053 1277 annmn
1082 1218 1198 1296 attigit,
1228 1236 1291 1299 quo

60 1384 64 1391 .
182 1308 377 1384 magistratus
400 1308 565 1385 Cyzicenus
586 1305 715 1365 cudebat
734 1305 794 1366 boc
813 1308 982 1380 nomisma,
1013 1300 1097 1385 quod
1118 1303 1155 1360 ab
1178 1300 1292 1361 huma-
1405 1307 1409 1311 ’

183 1392 310 1450 nissimo
333 1394 397 1449 viro
418 1393 564 1472 Dionysio
587 1394 750 1453 Octaviano
771 1390 853 1452 Sada
875 1389 1036 1450 habuimus
1062 1385 1135 1465 [rid.
1156 1387 1208 1466 fig.
1230 1389 1290 1467 813

184 1475 269 1537 aliud
289 1473 362 1537 huic
383 1478 484 1537 simile
505 1496 524 1537 e
543 1477 719 1559 Nicopolitis
740 1498 848 1539 cusum
865 1477 979 1558 profert
998 1470 1159 1554 Adolpbus
1179 1474 1269 1534 orco.

970 1604 1000 1661 Α
1037 1600 1061 1677 ,s
1306 1606 1400 1664 rue

347 1731 888 1794 o.n.1uerutus.e.1>.auo.
970 1682 1085 1833 {M
1098 1730 1129 1789 x

973 1860 999 1918 o
1035 1860 1063 1916 s

185 1985 329 2046 Tertium
348 1983 482 2047 vidimus
508 1986 543 2045 in
563 2004 625 2069 quo
651 1982 761 2046 eadem
780 2004 933 2047 annorum
951 2003 1072 2046 srunma
1092 1985 1207 2047 Graeco
1230 1993 1296 2045 erat
1311 1990 1337 2047 A
1352 1989 1388 2047 4⁵

184 2089 312 2130 numero
332 2082 447 2131 notata.

227 2198 267 2256 1).
288 2200 326 2257 Ν.
347 2196 542 2259 IUSTINUS.
561 2196 599 2257 P.
620 2199 658 2259 P.
678 2196 788 2257 Atto:
857 2198 1056 2260 VICTORIA.
1077 2199 1201 2259 AUGG.
1220 2201 1249 2258 l.

186 2322 238 2384 Ad
266 2323 357 2385 huius
384 2344 456 2385 vero
487 2324 596 2383 calculi
618 2326 767 2384 rationem
796 2327 921 2386 omnino
942 2327 1080 2386 restituas
1100 2345 1225 2385 necesse
1251 2335 1299 2385 est

188 2430 258 2469 cum
279 2412 353 2471 ulios
373 2408 549 2486 historiens,
571 2420 639 2469 tum
661 2409 827 2469 editionem
844 2414 974 2472 Victoris
994 2415 1188 2487 Turrensis,
1219 2430 1298 2493 quae

187 2492 281 2555 bebet
307 2515 405 2556 annos
437 2506 521 2571 octo,
550 2514 665 2555 menses
692 2516 806 2557 novem.
857 2497 1040 2576 corrigenda
1068 2508 1223 2578 praetereo
1251 2506 1299 2557 est

188 2580 282 2641 editio
304 2584 418 2641 Graeca
440 2580 478 2641 de
499 2582 588 2640 sectis
609 2582 730 2641 Leontii
751 2580 947 2658 Soholssfid,
976 2584 1031 2664 qui
1052 2584 1107 2642 sub
1129 2583 1297 2644 lustinieno

187 2668 306 2742 tlorsrit3
334 2686 407 2725 nem
426 2685 468 2725 ex
488 2670 571 2726 vocis
592 2664 680 2731 tosta
700 2666 916 2743 similitudine,
937 2668 991 2731 tva
1010 2666 1119 2727 babet:
1146 2667 1298 2727 Leunole-

188 2756 257 2812 vius
278 2754 358 2811 mele
381 2763 503 2826 cautus,
524 2750 672 2811 mendum
693 2771 749 2811 sua
768 2753 1015 2833 interpretatione
1036 2754 1234 2814 continuerit.

274 2841 310 2897 P.
326 2841 376 2913 67,
400 2840 430 2901 6·
475 2837 623 2918 Solusque
636 2837 832 2898 lastinianus
853 2842 1016 2919 imperavit
1037 2859 1108 2897 cum
1125 2835 1296 2917 Theodora]

188 2924 272 2982 llum
290 2919 366 2981 haec
383 2924 547 3002 Procopius
569 2923 734 2999 scribebat,
762 2942 876 2983 annum
901 2927 935 2983 in
959 2927 1088 3003 imperio
1113 2924 1221 3002 egebat
1243 2926 1298 2981 lu-

189 3010 337 3069 stinisnus
360 3007 526 3068 seotmdum
548 3018 577 3067 et
597 3011 797 3087 trigesimum.
833 3009 913 3082 Quid
936 3030 1008 3088 ergo
1030 3012 1063 3067 in
1083 3019 1219 3067 mentem
1241 3026 1298 3065 rs-

188 3097 236 3155 nit
257 3092 520 3173 Pseudcgordiano
541 3096 575 3153 in
594 3095 753 3175 privilegio
774 3095 931 3155 casinensi
952 3096 1100 3173 collegam
1119 3087 1297 3167 Iustiniano,

190 3178 264 3239 inde
292 3182 329 3239 ab
351 3199 431 3239 anuo
454 3182 518 3239 eius
545 3181 730 3260 principatus
753 3177 951 3256 duodecimo,
980 3178 1051 3239 dare
1070 3181 1221 3238 Iustinum
1246 3179 1298 3237 iu-

190 3262 333 3325 nioreml
365 3261 524 3344 Adelphus
549 3267 641 3323 etiem
668 3267 747 3325 Occo
773 3270 875 3326 neseio
904 3287 997 3348 quem
1015 3266 1176 3325 Tiberium
1204 3266 1299 3321 lusti-

190 3354 283 3410 uiuno
303 3361 406 3409 nostro
427 3354 544 3411 socium
565 3348 649 3409 dedit
677 3353 814 3429 imperii3
846 3373 903 3410 neo
932 3349 1145 3411 animadvertit
1171 3368 1299 3409 aureum

190 3436 282 3495 illum
297 3456 466 3511 nummum,
489 3456 530 3496 ex
551 3455 611 3517 quo
632 3435 665 3495 id
683 3438 775 3512 elicit,
797 3440 956 3497 Iustiniani
975 3440 1100 3496 iunioris
1122 3454 1197 3509 esse,
1220 3454 1300 3513 quo-

192 3541 263 3581 cum
290 3522 432 3581 Tiberius
458 3521 539 3581 filius
567 3524 714 3601 regnarit.
756 3527 814 3585 sori
843 3518 940 3586 selred
965 3518 1118 3603 κόμματος
1148 3530 1195 3579 est
1224 3521 1302 3577 alter

193 3626 287 3688 quem
313 3608 427 3689 profert
456 3626 526 3667 cum
552 3604 610 3666 heo
638 3608 844 3688 inscriptions.
890 3628 923 3667 o.
950 3626 981 3670 u.
1008 3622 1223 3666 rusrrsrsnus.
1248 3624 1302 3663 rr.

193 3710 440 3753 surcuarsrrue.
485 3695 624 3775 Denique
644 3694 756 3753 frustra
776 3695 834 3752 riri
854 3691 934 3753 docti
955 3695 1065 3751 Caesar
1086 3694 1250 3764 Bnronius,
1272 3699 1303 3749 et

192 3779 320 3837 lacobus
338 3780 495 3839 Gretserus
521 3798 562 3837 ex
584 3779 745 3838 Iustiniani
772 3781 963 3838 nomismatis
985 3779 1060 3837 alios
1081 3778 1146 3835 eius
1170 3777 1304 3854 collegas

194 3874 355 3945 quaeruut.
397 3861 480 3923 lllud
496 3864 668 3943 proferunt,
699 3866 731 3922 in
755 3868 840 3925 cuius
861 3884 965 3927 aversa
987 3874 1071 3944 parte
1092 3872 1155 3936 est3
1186 3880 1305 3923 vroro-

193 3966 265 4009 urs.
285 3968 402 4011 succo.
424 3968 456 4009 n.
508 3950 643 4030 Tripllce
671 3951 773 4009 littera
802 3970 833 4010 ο.
861 3952 920 4008 tria
944 3953 1151 4028 Augustorum
1179 3950 1304 4007 nomina

194 4034 333 4094 denotari
362 4036 487 4110 voluut3
515 4032 575 4094 hoo
600 4045 660 4110 est,
692 4054 763 4095 cum
783 4038 950 4095 Iustiniano
971 4055 1006 4094 ao
1026 4032 1190 4095 Theodora
1211 4033 1305 4093 Iusti-

193 4140 281 4179 num.
331 4124 428 4193 Quem
454 4118 628 4181 lustinuml
659 4118 834 4181 iuniorem‘l
873 4122 1028 4181 Reclamat
1060 4141 1131 4181 cum
1157 4119 1304 4197 Procopio

158 4194 167 4211 ⁰
195 4208 355 4286 corippus,
380 4207 433 4285 qui
453 4208 575 4265 nonnisi
596 4208 730 4267 extinom
750 4209 917 4267 lustinisno
939 4208 1098 4266 Caesarem
1118 4216 1149 4265 et
1169 4208 1303 4282 impera-

196 4302 295 4353 torem
316 4302 450 4351 creatum
470 4294 621 4355 lustinum
641 4293 864 4373 minerbien,
887 4293 1098 4375 solemnesque
1118 4292 1193 4351 ritus
1214 4290 1303 4348 inau-
