2959 4792
261 252 335 341 τοο
712 260 917 331 rnoconn

258 440 297 508 άν
317 436 392 506 οὔδ’
421 435 464 516 ὣς
489 430 583 503 αδτδν
605 440 793 519 πεποιῆσθαι
815 433 855 499 τά
877 432 995 499 δέοντα
1045 430 1110 498 ἐπεὶ
1129 423 1284 514 Καβάδης
1304 426 1360 513 μέν

257 554 327 621 ταῖς
347 542 535 624 οἰκοδομίαις
554 536 597 617 ὡς
611 537 722 623 ἥκιστα
743 534 955 621 λυμηνάμενος
972 534 1071 601 άπιών
1085 533 1189 622 ρ’ίχετο,
1213 530 1360 619 Χοοράης

259 650 293 715 δέ
312 644 432 712 ἅπαντα
454 641 654 731 πυρπολήσας
675 647 819 707 καθειλεν
839 643 883 717 είς
897 639 1024 727 ἔδαφος,
1049 641 1142 721 μείζω
1155 663 1189 703 τε
1201 640 1361 722 προσετρί-

258 771 344 835 ψατο
359 759 424 825 τοῖς
438 742 678 835 περιπεπτωκάσι
692 746 731 811 τὰ
748 743 848 827 πάδη.
884 747 935 808 καὶ
950 742 1070 818 τοάτοις
1086 743 1141 823 μὲν
1155 750 1221 817 τοῖς
1237 737 1362 826 άνδρώ-

259 879 328 931 ποις
348 848 454 939 σέσπερ
475 851 509 915 τδ
525 850 684 936 γελοιῶδες
699 856 790 914 τοῦτο
807 854 864 913 τοῦ
880 846 979 934 φόρου
995 846 1095 934 ἀφῆκε
1111 846 1163 909 καί
1180 852 1245 921 τοῖς
1260 842 1384 918 άλλοιςὸ

212 992 216 1000 ·
260 958 356 1023 άπασι
364 1004 375 1036 ,
400 953 547 1031 πολλάκις
559 954 616 1035 μέν
629 954 803 1034 δεξαμένοις
816 951 870 1016 τδν
884 948 1009 1033 Μήδων
1022 948 1164 1035 στρατὸν,
1184 947 1316 1031 διηνεκές
1329 947 1363 1015 δέ

263 1058 388 1127 Οῧννων
402 1084 434 1123 τε
453 1060 504 1123 καί
522 1055 692 1143 βαρβάρων
710 1059 898 1141 Σαρακηνών
912 1060 969 1138 γῆν
988 1053 1045 1136 την
1067 1048 1147 1141 ἑῴαν
1164 1050 1363 1134 ληισαμένων,

260 1164 348 1230 otto
365 1164 398 1227 δέ
413 1152 509 1245 ἧσσον
523 1164 573 1225 καί
585 1162 641 1224 Ιἐπὶ
658 1166 713 1243 τῆς
726 1157 879 1245 Εὐρώπης
894 1154 1067 1243 βαρβάρων
1083 1160 1182 1221 ταῦτα
1195 1152 1364 1241 ἐργαζομέ-

220 1280 245 1337 Β
261 1292 321 1333 νων
339 1266 386 1331 ἀεὶ
398 1268 451 1329 καὶ
468 1264 545 1329 καθ’
565 1260 695 1347 ἑκάστην
706 1262 780 1339 τοδς
795 1264 892 1347 ἐκείνῃ
903 1258 1073 1342 Ῥωμαίους
1080 1307 1091 1338 ,
1115 1258 1262 1341 βασιλνδς
1275 1246 1365 1331 οὗτος

159 1388 184 1446 Δ
198 1367 470 1457 impotentiaque
485 1367 580 1444 εὐθὺς
591 1368 690 1453 γέγονε
704 1364 876 1452 βαρβάρων
895 1361 1048 1429 ἁπάντων.
1098 1370 1247 1437 συνωναῖς
1257 1374 1289 1424 τε
1304 1359 1363 1445 γάρ
1371 1370 1403 1425 lb

262 1476 313 1541 καί
326 1482 393 1550 ταῖς
413 1472 615 1554 καλουμέναις
628 1472 785 1552 ἐπιβολαῖς
805 1492 839 1533 τε
855 1470 907 1532 καὶ
923 1470 1111 1554 διαγραφαῖς
1127 1464 1157 1530 oi
1172 1470 1233 1531 τών
1242 1466 1366 1551 χωρίων

261 1576 360 1663 κάριοι
376 1582 438 1641 τῶν
456 1579 606 1656 πολεμίων
621 1568 898 1658 ἀνακεχωρηκότων
918 1571 1027 1637 αὐτίκα
1039 1567 1126 1653 μάλα
1138 1564 1309 1653 ἡλίσκοντο.
1347 1563 1366 1629 ri

261 1706 292 1747 τι
311 1680 344 1745 δέ
360 1679 399 1743 τδ
415 1676 551 1759 ὀνόματά
570 1680 637 1743 ἐστί
652 1702 683 1741 τε
701 1679 752 1745 καὶ
765 1674 909 1758 βοάλεται
924 1681 1034 1753 ταῦτα,
1055 1673 1115 1759 ἐγώ
1130 1669 1270 1755 δηλώσω.
1294 1668 1368 1745 τοδς

261 1782 303 1849 τὰ
314 1784 414 1867 χωρία
429 1782 626 1865 κεκτημένους
644 1777 847 1864 ἀναγκάζωσι
863 1779 917 1844 τδν
932 1775 1090 1861 Ῥωμαίων
1101 1775 1255 1862 ἐκτρέφειν
1270 1796 1368 1860 στρα-

262 1885 317 1952 τδν
340 1884 419 1949 κατά
442 1884 476 1948 τδ
496 1882 608 1971 μέτρον
625 1888 679 1967 τῆς
695 1883 832 1967 κειμένης
846 1879 965 1969 ἑκάστῳ
982 1885 1093 1969 φορᾶς,
1117 1875 1297 1962 τιμημάτων
1310 1883 1405 1941 :eo-15

261 1988 497 2073 ταβαλλομένων
519 1985 576 2069 οδχ
595 1976 672 2073 ᾗπερ
693 1988 814 2074 ἐφίησιν
833 1982 850 2051 ὅ
872 1984 979 2073 παρών
993 1990 1034 2073 τῇ
1044 1984 1135 2075 χρείη
1151 1980 1267 2069 καιρδς,
1293 1976 1366 2045 ἀλλ’

261 2083 340 2181 ᾗπερ
364 2090 462 2168 ἐξεοτι
484 2093 535 2155 καὶ
562 2088 732 2177 διώρισται.
790 2087 827 2155 οδ
848 2086 1075 2175 διερευνώμενοι
1095 2089 1141 2166 δέ,
1166 2085 1248 2173 εἴπερ
1265 2083 1370 2159 αὐτοῖς

263 2192 417 2279 ἐπιτήδεια
432 2194 464 2258 ἐν
476 2202 513 2280 τῇ
524 2190 614 2283 χώρη
628 2194 796 2277 ξυμβαίνει,
811 2192 987 2279 περιέστηκέ
998 2216 1031 2257 τε
1045 2189 1119 2267 τοδς
1130 2191 1281 2265 δειλαίους
1294 2183 1370 2253 τοά-

263 2322 337 2375 τους
353 2294 467 2383 ἀνάγκη
480 2296 521 2362 τά
533 2298 588 2379 μὲν
600 2293 756 2381 ἐπιτήδεια
765 2294 972 2384 ’στρατιώταις
983 2319 1017 2361 τε
1031 2297 1082 2359 καδ
1096 2297 1202 2371 ἰ’πποις
1215 2293 1370 2373 ἐσκομίζι-

227 2408 355 2480 coint,
382 2398 482 2465 πάντα
499 2400 688 2483 ὠνουμένους
706 2398 786 2465 αὖτδ
807 2396 986 2482 τιμημάτων
1001 2404 1124 2463 πολλῶν
1137 2398 1169 2474 ἐς
1181 2395 1259 2481 άγαν
1274 2396 1409 2474 ‹iiico-2]

265 2504 361 2593 τέρων
378 2505 429 2567 καί
442 2509 540 2568 ταῦτα
557 2504 590 2567 ἐκ
599 2500 706 2591 χώρας
720 2499 844 2591 μακράν
859 2528 919 2567 που
930 2501 1041 2585 οὔσης,
1063 2499 1102 2567 ἂν
1120 2498 1201 2565 οὕτω
1218 2497 1317 2583 τάχοι,
1340 2496 1371 2575 ἐς

265 2608 303 2674 τδ
321 2608 437 2694 χωρίον
457 2604 665 2689 ἀποκομίζειν,
697 2597 734 2671 οδ
759 2608 798 2690 δὴ
817 2604 854 2672 τδ
880 2603 1087 2693 στρατόπεδον
1104 2605 1263 2687 ξυμβαίνει
1284 2598 1370 2679 εἶναι,

266 2720 394 2795 μετρεῖν,
403 2732 435 2775 τε
448 2718 512 2786 τοῖς
527 2714 589 2775 τών
603 2715 797 2796 στρατιωτῶν
808 2720 969 2796 χορηγοῖς,
990 2708 1027 2774 οὐ
1047 2704 1190 2795 καθάπερ
1206 2712 1301 2773 πᾶσιν
1315 2704 1372 2770 δν-

267 2810 408 2902 θρώποις
419 2810 521 2897 νόμος,
541 2811 611 2877 ἀλλ’
627 2804 705 2901 ᾗπερ
719 2814 842 2893 ἐκείνοις
856 2812 894 2877 άν
904 2814 1103 2896 βουλομένοις
1117 2810 1173 2895 εἴη.
1224 2812 1275 2875 καὶ
1288 2808 1370 2875 τοῦτ’

341 2976 383 3032 15.
401 2970 436 3029 οδ
459 2970 621 3061 τιμημάγαην
642 2971 894 3059 καταβαλλομένων
914 2968 982 3029 τάδ’
1004 2964 1075 3057 ᾗπερ
1094 2968 1180 3041 ἔξεστι
1195 2968 1244 3025 καλ
1260 2966 1373 3057 ἐφίησι]

340 3040 356 3100 δ
373 3042 484 3113 καιρὸς,
510 3047 560 3097 αλλ
589 3060 661 3115 perp
678 3046 831 3113 διώρισται
880 3042 916 3099 οδ
934 3045 1094 3111 διερευναοι
1106 3038 1162 3111 γάρ
1179 3042 1256 3111 niueo
1273 3036 1375 3102 αιίτοις

338 3110 375 3168 τδι
391 3110 536 3183 ἐπιτήδεια
556 3114 643 3167 Reiek.
747 3116 789 3170 17.
807 3111 904 3185 ἐξεοτι]
922 3110 1036 3183 ἐξετέθη
1052 3113 1135 3167 ntem.
1190 3180 1193 3185 ,

270 3250 367 3305 ditione
378 3250 491 3304 ieoireet.
524 3250 643 3305 Gebndee
653 3252 718 3305 eninr
731 3253 810 3306 eertie
818 3252 893 3305 tectio
906 3252 971 3305 ίοαίι
986 3250 1089 3321 erieqne
1099 3250 1184 3305 vietor
1198 3245 1321 3311 dioeenitp
1346 3250 1375 3299 et

271 3320 401 3375 Choeroee
412 3320 526 3373 omnibne
536 3320 590 3389 igni
604 3321 724 3405 ferroque
740 3321 774 3376 εδ
789 3329 886 3375 terrem
897 3320 1009 3385 efflictis,
1026 3337 1058 3373 eo
1073 3319 1208 3387 grevioree
1221 3316 1324 3403 popuiie
1334 3315 1377 3368 in·

270 3389 331 3443 tulit
341 3388 504 3445 oelemitntee.
539 3388 640 3443 b'ernnt
655 3388 792 3444 enimvero‘
801 3390 872 3444 iimet
887 3404 952 3460 quoe
962 3388 1101 3442 deridiculo
1111 3389 1189 3458 pleno
1198 3386 1288 3439 tnbuti
1299 3392 1376 3456 perte

270 3458 427 3523 relevaret,
444 3472 475 3511 eo
486 3458 582 3511 meteri
595 3468 744 3529 proeteren,
758 3458 803 3529 qni
819 3475 848 3511 n
881 3458 1053 3528 eiogmentee
1064 3458 1171 3515 Pernen.
1184 3457 1241 3509 nire
1253 3455 1376 3519 ilonooe,

271 3530 466 3597 saracenusque
495 3542 523 3579 er
533 3526 673 3595 orientem,
688 3528 731 3581 oei
744 3527 790 3596 qui
797 3544 850 3613 per
886 3544 932 3580 nro
1007 3528 1139 3580 oonetitnti
1150 3524 1260 3578 Romen!
1277 3525 1376 3577 berbe-

271 3614 316 3651 ron
329 3596 392 3649 eiioe
405 3612 452 3666 pro
485 3596 600 3649 abundo·
612 3596 724 3665 qnotidie
736 3613 805 3667 peon
816 3597 916 3661 forent,
943 3596 1093 3648 oetioienom
1105 3595 1218 3649 omnibus
1230 3593 1375 3646 saeviorem

272 3665 389 3718 herberie
400 3666 609 3735 experiebantur3
628 3666 700 3717 oniue
718 3664 805 3718 stetim
820 3667 854 3718 eb
866 3666 975 3719 boetium
986 3665 1110 3724 δίιοαιιο,
1127 3680 1252 3731 eunome,
1267 3661 1378 3733 imponi-

272 3736 385 3799 tionum,
408 3734 655 3803 descriptionumque
674 3733 785 3787 decretio
802 3736 897 3854 ηοίηιιο
913 3734 1074 3803 praediorum
1093 3732 1187 3787 domini
1204 3732 1379 3784 irretirentur.

273 3802 317 3857 no
327 3818 390 3854 vero
402 3802 506 3856 deerete
516 3818 583 3872 quoe
593 3802 764 3868 continerent,
779 3820 844 3875 expe
862 3804 919 3857 iem.
954 3806 1082 3872 Agrorum
1094 3818 1255 3873 ponoeeooreo
1264 3818 1317 3871 pro
1329 3816 1380 3853 oue

273 3870 369 3941 quique
382 3873 499 3941 portione
510 3888 624 3925 ennonee
635 3872 734 3943 copiam
747 3872 863 3925 Romano
875 3872 949 3925 militi
966 3873 1130 3943 suppeditet-e
1138 3872 1271 3935 ἐναταίοις
1286 3870 1380 3922 buius·

276 3954 326 4009 que
345 3954 443 3993 numme
461 3940 595 4008 veetigniie
613 3958 663 3993 non
679 3942 712 3994 ed
727 3940 871 4013 proesentie
885 3942 923 3994 rei
940 3942 1131 4010 difficultatem,
1148 3941 1195 3993 ned
1205 3940 1236 3992 ed
1248 3938 1379 4009 publicem

275 4010 432 4061 eenotionem
444 4008 481 4061 eie
492 4010 625 4076 penditote
638 4011 660 4063 oi
671 4028 734 4063 vero
745 4018 898 4064 eommeetnn
909 4011 941 4062 ed
954 4027 1034 4080 equos
1044 4012 1188 4081 militeoque
1197 4008 1248 4061 ιιιὶε
1258 4009 1286 4060 in
1296 4024 1379 4079 pree-

274 4076 323 4129 diie
334 4092 383 4129 non
394 4085 547 4147 suppetent,
558 4078 631 4146 gravi
643 4080 739 4134 mineris
751 4080 883 4133 coemendi
894 4081 978 4150 pretio
989 4089 1057 4146 eunt,
1070 4088 1098 4133 et
1107 4096 1141 4133 ex
1152 4079 1286 4133 remotiore
1299 4076 1381 4131 etiem

274 4145 421 4216 provincie,
439 4146 461 4198 ti
479 4162 522 4200 ree
540 4146 577 4199 ito
598 4150 688 4215 ferret,
705 4149 739 4201 nri
759 4158 853 4216 αιτιοι,
871 4156 899 4201 et
919 4148 962 4200 nbi
979 4148 1050 4201 mileo
1061 4149 1193 4202 otetionem
1206 4148 1292 4214 hebet,
1312 4162 1380 4199 oon·

274 4214 399 4276 vehendi3
415 4214 487 4268 eimui
501 4224 527 4268 et
541 4218 668 4271 exercituo
687 4218 831 4291 optionibus
841 4217 963 4270 metiendi
978 4235 1024 4288 pro
1035 4218 1135 4271 iliorum
1146 4216 1258 4285 libidine,
1276 4231 1331 4267 non
1343 4230 1379 4267 ex

273 4282 686 4355 eequnbomionmeeetimetione.
719 4289 853 4342 Annonem
869 4287 934 4343 beno
952 4302 1007 4341 rem
1027 4288 1174 4359 eppeiient3
1191 4284 1382 4356 qnepreediu-
