2959 4792
234 288 311 374 428
581 296 628 367 ln
652 295 764 367 fflsT.
786 295 987 369 ARGANffl

360 466 486 545 Poplite
505 464 584 541 susa
604 475 708 543 imus,
725 467 861 545 pretioso
886 462 1025 526 eandida
1046 461 1151 527 limbo.

365 552 529 611 Caesareos
551 551 693 611 humeros
714 548 838 611 ardenti
859 554 976 611 murice
996 554 1072 612 suit

364 638 565 715 Circumfusa
586 636 740 715 chlamys,
762 638 857 696 rutilo
879 656 962 719 quas
980 648 1094 697 amatu
1112 636 1238 698 metallo

359 725 522 803 Principis
543 734 643 782 exerta
664 721 803 783 vincebat
824 723 947 783 lumina
966 721 1085 798 dextra,

357 807 463 867 Aurea
484 811 648 867 iuncturae
668 828 774 867 morsu
788 812 991 888 praestrinxit
1010 808 1133 869 adunoo

355 894 486 969 Fibula,
509 905 537 952 et
558 914 580 951 a
599 896 730 953 summis
746 914 884 974 gemmae
903 897 1022 954 nituere
1041 896 1169 975 mma,

359 980 503 1039 Gemmas
525 1000 604 1061 quas
627 981 727 1039 Getici
744 980 825 1055 felix
847 982 981 1039 victoria
1000 979 1075 1039 heus·

356 1065 524 1143 Praebuit,
547 1076 640 1145 atque
650 1065 769 1145 faveas
789 1062 924 1124 domitur
944 1066 1100 1125 Ravenna
1117 1064 1246 1144 amauit,

361 1150 509 1232 Quasque
530 1172 552 1209 a
575 1150 755 1212 Vandalioa
773 1150 953 1210 Belreariue
971 1151 1081 1209 attulit
1100 1150 1191 1227 outa,

356 1238 457 1317 Signa
477 1234 706 1317 triumphorum
720 1237 775 1319 pie
796 1236 969 1297 lastiniam
989 1246 1122 1296 tuorum

136 1323 161 1379 Δ
178 1324 214 1383 77
230 1322 344 1381 Vanam
363 1324 397 1380 iu
414 1324 572 1383 iustiniani
592 1332 676 1382 resta
695 1324 799 1381 neseio
820 1320 894 1403 qaid
915 1322 1067 1401 peculiare
1085 1321 1181 1379 fluisse
1201 1314 1339 1378 indioara

228 1409 393 1487 Procopius
414 1406 548 1483 videtur,
579 1405 662 1489 quod
681 1407 731 1467 vel
753 1426 771 1465 a
791 1407 925 1467 barbaris
945 1417 1101 1468 mutuatus
1122 1406 1175 1479 ait,
1205 1402 1255 1463 rel
1276 1421 1338 1461 ex·

229 1494 367 1571 cogitarit
386 1494 452 1573 ipse
473 1494 668 1553 lastinianus.
711 1494 799 1551 certe
816 1486 1073 1568 Ἱουστινιᾶνειον,
1099 1491 1337 1565 Iasts'm'amum,

229 1575 408 1638 diadematis
440 1576 596 1658 quoddam
628 1598 725 1659 genus
756 1575 872 1637 dietum
899 1580 994 1639 fuisse
1022 1580 1170 1656 Georgius
1200 1571 1336 1633 codanus

228 1673 275 1722 est
298 1674 393 1722 autor.
437 1662 525 1737 Quod
551 1665 616 1723 eius
642 1667 789 1743 interpres
811 1662 966 1724 doctorale
991 1664 1086 1724 fuisse
1106 1661 1260 1742 capitium
1285 1657 1336 1717 di·

228 1750 329 1823 vinat‚
359 1758 394 1807 ut
421 1768 511 1829 saepe
539 1751 571 1807 in
601 1770 637 1809 ao
664 1750 770 1809 liberto
798 1747 934 1809 diriuaro
962 1750 1051 1811 solet.
1093 1746 1176 1808 cedo
1195 1748 1230 1805 ia
1249 1754 1335 1803 reste

227 1835 420 1913 imperatoria
454 1833 666 1895 huiuscemodi
699 1836 802 1916 capitii
833 1837 965 1895 formam
992 1845 1024 1894 et
1056 1852 1158 1893 usam.
1206 1830 1335 1890 lacobus

227 1920 386 1978 Gretserus
411 1922 459 1979 vir
489 1918 594 1981 dootus
618 1923 770 1980 iuvenisse
801 1940 835 1979 se
863 1932 964 2000 putat,
999 1921 1173 2001 profertque
1204 1934 1333 1975 aeneum

225 2008 377 2063 nomisma
397 2007 556 2065 Iustiniani
577 2002 649 2065 haio
671 2024 762 2065 aureo
782 2026 908 2065 nummo
935 2006 1104 2086 persimile,
1132 2022 1227 2085 quem
1246 2003 1334 2082 priu-

224 2108 296 2168 oaps
327 2092 486 2172 utriusque
511 2094 635 2171 linguae
663 2090 824 2150 cardinalis
845 2091 1027 2150 Barbetium
1057 2110 1098 2149 ex
1123 2108 1248 2149 musaeo
1276 2106 1333 2146 suo

223 2177 340 2249 aureis,
372 2178 581 2259 argenteisque
604 2178 793 2235 nomismatis
819 2176 1015 2236 refertissimo
1036 2175 1115 2235 mihi
1137 2172 1239 2248 dedit3
1271 2174 1333 2231 ori-

223 2270 394 2342 statamqua
416 2262 519 2337 iliam,
543 2281 636 2343 quam
657 2260 743 2323 vides
765 2262 884 2341 galeam
907 2260 985 2339 [vid.
1008 2262 1058 2341 fig.
1081 2262 1138 2340 61,
1168 2263 1332 2319 lasanu-

221 2362 311 2404 nraar
342 2345 454 2406 dieram
481 2348 638 2407 Graues-ns
671 2350 837 2407 existimat.
889 2350 1003 2408 Verum
1031 2358 1099 2406 aute
1127 2346 1331 2407 lastinianum

221 2428 431 2509 Theodosius,
461 2434 648 2507 Maroialum,
677 2434 758 2508 Iseo,
788 2435 890 2507 Zeno,
919 2434 1113 2507 Anastasius,
1144 2442 1175 2491 et
1196 2431 1330 2489 Iustinus

222 2514 353 2575 eandem
377 2513 547 2598 πτερωτήν,
576 2520 720 2594 cristam,
749 2518 782 2575 iu
804 2519 891 2597 galea
913 2527 1086 2597 gestarunt,
1116 2526 1151 2576 ut
1170 2519 1203 2575 iu
1223 2534 1330 2573 eoram

220 2602 412 2660 nomismatis
433 2612 573 2683 apparet3
597 2613 687 2685 atque
710 2602 763 2661 illa
786 2615 831 2662 est
847 2622 938 2684 quam
955 2603 1171 2685 spoausovxiaa
1189 2610 1329 2660 vocatam

220 2682 306 2745 idam
332 2684 465 2747 eodinus
495 2688 634 2747 affirmat.
682 2686 801 2747 Deinde
833 2686 913 2748 iliud
938 2690 1158 2747 lustiuiaueum
1188 2683 1329 2745 diadema

220 2789 283 2829 nou
304 2772 450 2831 bellicum
470 2782 523 2832 aut
543 2784 693 2833 oastreuse
714 2774 790 2848 fait,
812 2772 868 2833 ssd
889 2776 1016 2848 civium,
1039 2784 1069 2833 et
1090 2792 1151 2854 quo
1171 2774 1205 2829 iu
1225 2773 1327 2845 moris,

220 2868 253 2916 et
279 2859 313 2915 iu
340 2858 473 2919 eoolesiis
501 2858 652 2918 utebatur.
695 2862 794 2933 Quare
815 2861 880 2918 eius
901 2860 1032 2918 formam
1051 2857 1132 2917 hano
1150 2858 1245 2917 fuisse
1265 2876 1328 2916 uou

221 2940 346 3020 dubito,
369 2962 461 3025 quam
481 2964 572 3005 nemo
595 2954 664 3003 aute
684 2947 886 3004 lastinianum
905 2964 1066 3025 usurpasse
1086 2941 1223 3018 ridetur,
1244 2954 1275 3002 et
1294 2945 1326 3000 iu

220 3032 313 3088 saeris
337 3039 367 3088 et
390 3027 464 3088 dum
486 3032 517 3088 iu
540 3030 673 3089 aoeiesiis
694 3049 822 3089 munera
842 3032 977 3089 antistiti
998 3028 1157 3104 offerebat,
1179 3047 1252 3087 eum
1272 3046 1326 3107 ga-

220 3124 315 3174 stasse
335 3111 412 3174 haeo
433 3133 479 3181 ex,
493 3116 612 3175 musivo
634 3114 737 3174 tabula
758 3118 918 3174 Ravennae
938 3124 1075 3175 testatur.
1120 3112 1198 3193 [Vid.
1220 3112 1273 3193 fig
1294 3117 1325 3177 7.

115 3206 138 3255 Ρ
156 3204 207 3261 146
224 3201 266 3278 8.]
308 3202 389 3259 Num
409 3197 536 3259 habitus
557 3203 694 3279 eorporis
717 3198 832 3259 iudIoat
857 3201 1037 3281 capillitium
1058 3220 1076 3259 a
1096 3200 1195 3259 fronte
1217 3197 1325 3258 deton-

108 3274 135 3326 Ὺ
152 3274 206 3330 363
222 3282 314 3343 sumi
341 3286 540 3361 Venetorum,
564 3287 674 3366 quibus
694 3286 816 3344 favebat
835 3288 1036 3362 lastinianus,
1063 3288 1090 3345 is
1109 3295 1172 3344 erat
1192 3282 1323 3360 habitus,

127 3342 204 3401 ³7⁸
220 3379 255 3427 ut
272 3390 363 3449 supra
383 3368 485 3430 docuit
498 3374 672 3451 Prosopius.
714 3374 812 3445 Quare
833 3370 997 3447 (iada-auus,
1017 3367 1075 3450 τήν
1094 3366 1233 3449 κεφαλὴν
1253 3365 1325 3451 uait

218 3446 316 3536 κόμης
336 3449 446 3531 κᾶλλος
475 3453 582 3540 μικρὸν
609 3454 850 3535 bustuarium,
877 3460 977 3535 eapite
997 3454 1044 3515 ad
1062 3476 1166 3514 comae
1180 3454 1324 3534 pulchri-

219 3538 357 3599 tudinem
379 3542 522 3603 nonnihil
537 3538 682 3616 detonso;
703 3562 776 3601 uam
789 3544 861 3621 lego
878 3540 1110 3623 ἐψαλλισμένην,
1130 3560 1191 3599 uou
1213 3552 1247 3599 ut
1267 3538 1323 3597 ha·

218 3626 293 3685 bont
313 3629 454 3707 impressi
471 3628 551 3705 libri,
574 3626 784 3710 ὶψιλωμῦνηνι
805 3647 897 3687 nemo
917 3631 999 3687 euim
1019 3638 1074 3702 est,
1097 3629 1151 3707 qui
1166 3626 1322 3685 iustiniani

218 3713 375 3773 oalritim
396 3714 429 3772 in
443 3716 580 3795 antiquis
600 3718 735 3775 nummis
757 3712 884 3789 viderit,
905 3724 939 3772 ut
959 3712 999 3771 ad
1019 3733 1051 3793 p.
1074 3716 1116 3777 37
1137 3710 1214 3771 dixi.

301 3798 337 3857 Ρ.
360 3797 418 3875 88,
444 3803 472 3863 1.
518 3800 607 3879 Quas
625 3800 687 3859 sits·
706 3802 851 3878 rescripto
872 3796 1081 3878 respondenda
1098 3798 1223 3874 foreat,
1249 3796 1324 3855 Isaeo

215 3901 278 3939 nors
297 3885 431 3943 utimar
459 3896 518 3966 ert,
547 3888 704 3965 quaestori
730 3884 953 3964 committebat]
982 3887 1061 3943 Hine
1089 3884 1186 3964 liquet
1212 3902 1321 3941 munus

215 3966 310 4026 fuisse
333 3971 499 4049 quaestoris
521 3968 708 4031 edendarum
727 3972 832 4049 legum
851 3969 966 4030 founas
987 3988 1185 4049 componere,
1208 3979 1239 4026 et
1255 3968 1321 4047 ple-

215 4070 310 4132 raqua
338 4056 371 4112 iu
398 4064 505 4115 senata
532 4076 584 4117 ore
608 4067 698 4116 tenus
730 4058 940 4136 prouuuoiare.
990 4052 1126 4115 cassiod.
1154 4055 1225 4114 Var.
1255 4054 1321 4115 Ι.6

215 4140 305 4216 epist.
330 4140 538 4219 Quaesturam
554 4150 616 4201 toto
638 4136 726 4199 eorde
745 4141 916 4219 recipimus,
938 4161 1034 4220 quam
1054 4150 1178 4199 nostras
1196 4140 1322 4220 liuguae

214 4242 316 4281 vocem
338 4244 399 4283 esse
420 4244 581 4286 censemus.
623 4224 830 4306 sparsimus
851 4225 1003 4303 Adriau03
1033 4235 1233 4307 quaesturam
1251 4242 1323 4305 ges-

215 4310 267 4387 sit,
289 4312 324 4369 ia
345 4331 410 4392 qua
430 4313 598 4371 orationem
613 4313 808 4392 imperatorie
827 4313 862 4371 iu
881 4324 992 4374 reaatu
1012 4311 1167 4394 agrestius
1181 4329 1321 4392 proauu-
