2959 4792
266 294 293 337 1
574 268 775 337 thhthNl
799 266 1055 337 otsseurst'to
1167 254 1173 266 ⁸

266 438 480 505 Constitutioncs
503 451 594 506 antem
608 442 645 506 ab
663 463 700 507 oo
719 440 923 527 sapientissime
943 439 1089 517 conditae;
1111 442 1159 507 'sel
1176 453 1301 508 veterum
1314 443 1367 505 lm·

265 555 423 627 paratorum
448 542 530 631 leges
559 567 613 609 uno
639 544 666 607 in
690 543 798 609 Codice
820 544 919 609 ordino
934 544 1108 619 distributam
1128 546 1176 610 vel
1197 547 1368 631 antiquorum

266 644 428 729 Sapientem
442 666 576 730 respousa
592 668 629 711 ex
644 644 778 709 immensa
790 644 925 732 congerie
940 668 1044 710 summa
1064 647 1213 712 studiorum
1233 646 1368 710 facilitate

267 766 302 807 ac
322 746 462 811 brevitate
483 747 607 833 digesta;
632 748 679 812 vel
699 748 773 811 haec
802 747 902 811 eadem
920 748 958 811 ad
978 748 1153 814 institutionis
1172 748 1282 812 modum
1301 769 1368 811 enu-

265 846 371 922 cleata‚
398 866 461 909 eam
485 848 632 913 Iustiniano
647 850 768 937 gloriam
782 861 966 935 pepererunt,
995 862 1024 914 nt
1042 850 1169 913 undecim
1193 850 1248 915 iam
1268 860 1298 913 ct
1310 871 1368 911 am·

151 977 154 987 ·
265 948 336 1033 plius
350 947 489 1013 hominum
502 934 608 1015 aetates
623 953 740 1015 eandem
755 950 833 1036 qnasi
846 971 899 1037 per
917 972 1013 1015 manus
1039 952 1212 1036 acceperint,
1238 950 1368 1025 loverint,

265 1062 295 1113 et
310 1050 402 1136 magis
417 1073 452 1113 ac
467 1051 560 1139 magis
574 1052 810 1137 amplificaverint.
845 1052 910 1117 Nec
922 1068 990 1118 eune
1011 1052 1118 1117 laoiline
1131 1054 1279 1119 Iustiniana
1291 1052 1367 1140 quie·

265 1174 346 1237 quam
365 1152 428 1229 luit,
450 1174 531 1240 quam
547 1154 593 1219 vel
617 1154 690 1219 hanc
709 1154 798 1219 solnm
819 1152 857 1216 ob
878 1174 939 1217 rom
959 1154 1070 1241 gloriae
1090 1178 1125 1218 ac
1145 1158 1261 1221 nominis
1285 1155 1370 1219 laude

265 1254 388 1341 reliquos
411 1276 507 1320 omnes
536 1257 675 1321 Romanos
695 1256 840 1341 Principes
861 1254 932 1319 inira
952 1276 985 1319 se
1011 1276 1130 1342 ponere;
1160 1280 1221 1321 cum
1247 1256 1288 1319 illi
1315 1274 1368 1339 pro
1454 1273 1455 1278 ¹

155 1349 159 1355 ’
265 1378 375 1419 suornm
388 1358 503 1443 quisque
516 1358 666 1423 facinorum
680 1358 862 1445 praestantia,
887 1358 915 1421 in
929 1359 1053 1423 Romana
1071 1358 1232 1446 Republica,
1251 1356 1370 1421 velutin

241 1478 245 1487 ·
266 1460 393 1534 theatro,
419 1459 488 1523 alius
503 1460 559 1523 alio
570 1458 616 1525 vol
630 1460 791 1537 humiliore,
814 1458 860 1524 vel
874 1460 993 1525 editiore
1007 1460 1071 1526 loeo
1082 1462 1189 1538 titulos,
1213 1478 1370 1543 nomenque

266 1560 321 1623 sibi
335 1560 461 1625 ualuisse
476 1563 633 1637 videantur-3
654 1563 714 1648 ipse
735 1582 806 1626 vero
830 1560 876 1648 qui
903 1562 1035 1627 Romanis
1052 1564 1164 1651 legibus
1185 1584 1263 1627 suum
1285 1580 1369 1647 pruc-

262 1661 344 1739 lixit‘,
373 1663 612 1729 eminentissimum
632 1664 737 1739 locum,
763 1676 846 1750 atque
859 1674 1001 1729 aetornum
1015 1662 1160 1757 invenerit.

354 1796 540 1876 Quamobrem
554 1798 582 1863 iu
599 1810 678 1864 tanto
693 1798 796 1885 publici
812 1798 918 1863 favoris
932 1800 1081 1887 applausu,
1107 1798 1208 1865 sinistri
1222 1797 1258 1862 de
1273 1818 1309 1861 eo
1323 1820 1368 1862 ru·

269 1920 362 1963 mores
376 1921 449 1984 pene
463 1898 610 1977 siluerunt,
634 1922 668 1964 uc
681 1914 756 1965 tanta
772 1901 881 1987 gloriae
896 1924 931 1966 ac
949 1902 1082 1987 temporis
1096 1900 1268 1966 diuturnitate
1280 1896 1372 1962 omnis

269 2002 307 2065 de
322 2000 371 2064 illo
387 2001 498 2089 ingrata
512 2000 650 2068 memoria
669 2002 801 2068 exolevit.
844 2002 975 2069 Exolesit
1001 2017 1092 2069 autem
1116 2016 1172 2067 tum
1196 2002 1269 2088 apud
1289 2000 1371 2077 alios,

268 2116 324 2168 tum
339 2103 412 2188 apud
427 2122 477 2168 eos
492 2095 669 2190 praesertim,
695 2104 740 2192 qui
761 2126 821 2170 cnm
840 2104 902 2170 dies
921 2118 1071 2192 noctesque
1090 2104 1192 2170 assidui
1214 2126 1274 2168 cnm
1293 2102 1372 2167 lusti-

268 2207 351 2270 niano
373 2206 444 2283 sint,
475 2226 536 2270 eam
552 2207 588 2271 da
611 2206 683 2271 illios
707 2205 822 2283 institia,
850 2208 1040 2294 temperantia,
1064 2208 1186 2294 pietate,
1214 2204 1372 2269 innocentia

268 2314 453 2394 conceperunt
467 2308 558 2371 animo
574 2309 750 2394 opinionem,
777 2329 850 2394 quae
864 2332 920 2373 non
932 2308 1017 2374 rebus
1032 2310 1069 2373 ab
1085 2332 1121 2375 eo
1136 2308 1237 2397 gestis,
1251 2308 1288 2370 ad
1303 2330 1372 2393 quas

266 2432 366 2497 parom
381 2408 503 2473 lonasais
518 2410 657 2473 attendunt
679 2409 814 2485 animum,
842 2410 1026 2495 respondean
1048 2412 1098 2476 sed
1114 2432 1186 2497 quae
1200 2410 1265 2473 latis
1280 2410 1316 2472 ab
1333 2432 1371 2475 eo

266 2512 378 2600 legibus
392 2510 551 2585 conveniat;
576 2510 718 2597 inquibus
737 2510 807 2575 nihil
829 2512 891 2575 lere
916 2524 974 2588 at,
997 2514 1069 2597 qnod
1086 2536 1142 2576 non
1164 2512 1200 2575 ad
1218 2511 1373 2577 absolutam

265 2614 372 2679 vinetis
394 2632 517 2677 normam
531 2612 660 2696 scriptum
674 2612 830 2690 inveniant,
852 2624 890 2679 'et
910 2614 988 2699 qnasi
1005 2613 1033 2678 in
1053 2616 1176 2700 imagine
1196 2613 1253 2677 anis
1269 2614 1371 2678 colori-
1454 2697 1455 2702 ἵ

265 2716 317 2781 bus
332 2738 494 2802 expressum
516 2714 742 2799 contemplentur.
786 2716 887 2801 Neque
908 2714 977 2800 ipsis
999 2715 1110 2799 quidem
1134 2714 1216 2802 alitor
1238 2717 1273 2780 de
1292 2715 1371 2780 lusti-

265 2820 350 2883 niano
365 2818 468 2883 sentire
485 2828 623 2905 praedat,
650 2815 726 2882 cuius
747 2813 1015 2882 commendationem
1031 2838 1087 2879 non
1101 2816 1240 2880 minimum
1261 2840 1373 2883 suornm

269 2944 334 2985 esso
355 2922 502 2985 studiorum
522 2921 710 2985 ornamentum
723 2930 834 3005 putant.
877 2919 993 2984 Scilicet
1014 2918 1222 2983 iurisconsultus
1242 2920 1373 3008 Procopii
1454 2911 1455 2922 ἵ

270 3023 343 3088 haec
368 3022 491 3087 offendet
511 3022 641 3094 historia;
668 3041 721 3084 nec
740 3034 834 3085 tamen
853 3042 951 3084 omnes
971 3019 1090 3105 passim,
1115 3030 1144 3083 ut
1166 3020 1298 3097 arbitror,
1320 3024 1373 3087 sed

271 3127 481 3201 cosdumam,
507 3124 552 3209 qui
572 3122 660 3186 minus
681 3122 792 3209 antiqua
814 3123 966 3187 litterarum
979 3134 1153 3185 monumenta
1169 3124 1372 3206 pertractarint.

271 3228 344 3292 Nam
361 3227 412 3291 etsi
427 3226 510 3290 modo
525 3224 552 3289 in
566 3244 669 3310 magna
682 3224 794 3309 priscae
807 3224 942 3288 historiae
956 3222 1088 3310 penum,
1116 3220 1293 3307 tenebrisque
1309 3246 1376 3288 ver·

269 3350 377 3405 samur,
406 3329 536 3413 multique
555 3348 646 3391 rerum
659 3348 677 3389 a
694 3324 840 3404 Iustiniana
854 3340 996 3416 gestarum
1009 3325 1159 3409 scriptores
1173 3322 1375 3403 desiderentur,

270 3450 372 3517 nempe
393 3430 433 3493 illi
447 3430 577 3515 Procopii
592 3428 738 3515 aequales,
768 3429 923 3517 Hesychius
948 3426 1091 3503 Milesius,
1117 3426 1235 3489 loannes
1260 3426 1374 3515 Lydius,
1454 3453 1455 3472 ¹

164 3566 168 3575 a
269 3532 460 3618 Theophanes
479 3534 640 3621 byzantius,
662 3534 819 3599 Menander
838 3533 996 3606 Protector,
1022 3528 1122 3593 Paulus
1144 3527 1260 3604 Florus,
1293 3528 1375 3592 loan-

271 3654 321 3697 nes
341 3634 546 3710 Antiochenus,
569 3636 730 3701 Plutarchus
744 3634 926 3700 Iustinianoa
948 3632 1080 3709 secretis,
1103 3645 1132 3696 ct
1157 3630 1205 3694 alii
1230 3630 1375 3718 pleriquo;

176 3744 196 3796 Ρ
211 3742 254 3797 ΙΙΙ
267 3749 414 3820 supersunt
427 3748 518 3801 tamen
536 3738 658 3815 Gracci,
680 3738 825 3824 Latinique
849 3736 974 3801 eiusdem
990 3733 1089 3797 acutis
1113 3752 1217 3819 graves
1232 3732 1374 3809 llislorici,

270 3838 316 3922 qui
330 3837 466 3923 Procopio
484 3833 549 3903 dant
562 3838 812 3925 praeclarissimum
827 3839 855 3902 in
871 3839 925 3915 -iis,
951 3857 1023 3922 quae
1038 3846 1151 3910 namat,
1173 3834 1375 3909 testimouium

270 3960 432 4025 quamquam
453 3941 608 4028 Principum
629 3940 875 4007 obtrectationibus
894 3940 936 4004 sui
955 3939 1069 4025 quisque
1082 3936 1205 4023 {periodi
1227 3934 1376 4001 formidine

269 4042 410 4107 abstinero
427 4044 526 4109 soleat.
570 4044 710 4131 Euagrius
722 4031 895 4128 Epiphanius
916 4040 1108 4105 scholasticus
1128 4039 1281 4102 detestatur
1292 4038 1375 4101 lusti·

271 4144 345 4209 niani
365 4125 528 4231 prolubdam
555 4147 716 4223 avaritiam,
740 4164 833 4209 rernm
860 4143 1013 4208 alienarum
1040 4140 1168 4227 rapinas,
1189 4140 1376 4203 subiectorum

239 4290 244 4300 ·
271 4246 390 4311 moeris
402 4248 507 4314 ordinis
522 4249 699 4325 uexationem
725 4270 794 4335 ques
813 4258 845 4313 et
859 4246 949 4336 longe
974 4244 1093 4312 disard·
1113 4242 1218 4311 auibus
1232 4241 1281 4307 ille
1299 4264 1374 4306 com·
