2959 4792
509 233 658 304 Notou
681 233 906 308 unusual
1184 239 1261 312 383

150 397 323 484 iisdemque
353 396 459 462 diebus
487 400 626 483 Byzantii
655 402 787 482 graviter
812 411 988 484 aegrotans,
1017 423 1152 486 suaeque
1181 407 1262 466 ritae

151 490 278 562 mens,
300 489 333 548 in
354 489 475 548 ltaliam
494 489 641 550 Belisario
664 489 812 548 scribebat
834 488 873 548 de
894 492 1058 550 loanninae
1077 493 1161 551 iilius
1181 492 1263 552 filias

84 637 89 646 ,
149 583 181 633 et
202 575 355 634 Anastasii
376 575 495 653 nepotis
515 577 563 634 sui
584 575 724 652 coniugio
745 573 936 651 maturando,
959 586 990 634 et
1009 574 1133 636 tandem
1154 589 1262 658 quarto

149 678 246 720 nonas
267 660 360 718 iulias
386 657 472 719 diem
498 659 606 720 clausit
634 669 816 718 extremm.
860 659 937 722 Vide
958 664 1141 741 Procopium
1162 663 1261 726 lib-8

149 745 224 802 bell.
248 742 352 803 Gotth.
373 755 406 804 et
433 742 485 803 hic
516 763 548 825 p.
570 742 623 808 24.
666 742 890 824 Theophanem
917 743 960 804 ad
986 766 1101 806 annum
1128 749 1263 827 primum

149 840 181 887 et
201 831 383 908 vigesimum
398 831 568 905 iustiniani,
590 840 621 889 et
641 826 697 888 has
718 840 805 890 notas
821 828 861 891 ad
881 852 913 911 p.
928 828 982 896 24.
1024 834 1114 892 Venit
1136 831 1261 913 quidem

147 917 325 974 Ravennam
345 917 528 975 Iustinianus
548 915 639 996 plane
661 912 854 991 adolescens,
884 935 982 997 eoque
1002 919 1113 978 missus
1136 929 1182 977 est
1202 920 1261 978 ob-

147 1019 199 1059 ses
230 997 270 1058 ad
300 997 528 1060 Theodoricum
559 996 740 1060 Gotthorum
770 1020 875 1080 regem
911 1020 930 1061 a
960 1004 1077 1063 Iustino
1110 1005 1259 1062 avunculo

149 1087 300 1146 exercitus
329 1083 423 1160 duce,
455 1094 489 1145 ut
509 1083 702 1165 Theophilus
726 1087 888 1146 Iustiniani
914 1099 1092 1168 praeceptor
1120 1092 1259 1168 exponit.

147 1169 313 1231 Theodora
334 1167 456 1251 quaudo
477 1172 624 1250 Byzantio
646 1169 781 1250 digresse
801 1173 859 1247 sit,
881 1169 1016 1232 dicemus
1038 1172 1078 1232 ad
1100 1197 1132 1254 p.
1149 1177 1201 1238 70.

233 1259 269 1315 P·
293 1254 353 1332 64,
376 1257 428 1319 16.
477 1257 638 1336 Praefecto
668 1255 757 1314 urbis
782 1254 932 1316 Theodoto
962 1255 1180 1337 Cucurbitiuo]
1212 1259 1259 1315 De

149 1360 211 1422 quo
237 1342 352 1400 mentio
375 1340 410 1398 fit
439 1339 471 1398 iu
498 1337 624 1402 historia
646 1337 683 1400 dc
705 1342 820 1421 templo
841 1353 962 1401 mactae
983 1342 1135 1424 Sophias,
1164 1361 1257 1423 quam

147 1429 182 1485 in
202 1427 344 1486 Vaticana
374 1423 556 1485 bibliotheca
584 1424 728 1486 vidimus.
772 1429 851 1486 Huic
871 1425 1034 1488 Theodoto
1059 1431 1093 1486 in
1114 1429 1253 1504 exilium,
1271 1429 1296 1483 Α
1311 1427 1347 1484 85

146 1521 183 1570 ut
204 1513 306 1570 statim
326 1513 370 1569 ait
387 1513 568 1590 Procopius,
591 1512 714 1570 abeunti
738 1511 872 1572 succedit
892 1513 1023 1574 Ioannes
1045 1513 1256 1575 Coccorobius.

147 1598 255 1658 Plures
276 1597 406 1674 legimus
421 1597 454 1654 in
476 1600 606 1678 antiquis
627 1599 841 1672 monumentis,
863 1601 918 1679 qui
937 1600 994 1658 sub
1014 1601 1180 1659 iustiniano
1202 1619 1256 1657 ur-

147 1683 196 1742 bis
210 1684 349 1764 Byzantii
369 1682 589 1761 praefecturam
609 1694 790 1761 gesseruutz.
803 1685 983 1762 insigniores
1000 1695 1081 1761 sunt,
1097 1687 1256 1764 patricius

145 1778 217 1847 post
238 1769 428 1828 consulatum
447 1767 602 1843 Belisarii,
632 1765 674 1826 ad
696 1787 788 1848 quem
807 1771 985 1850 rescriptum
1006 1771 1065 1828 fuit
1086 1768 1124 1829 de
1146 1789 1255 1830 secun-

148 1853 196 1914 dis
225 1855 354 1932 nuptiis.¹
397 1851 595 1913 Areobindus
622 1854 782 1912 Iustiniani
807 1855 909 1934 neptis
937 1856 1091 1914 Proiectae
1118 1857 1256 1914 maritus.

153 1937 373 2015 Piibooiuuus,
402 1940 455 2018 qui
476 1939 514 1997 ob
541 1936 575 1996 id
596 1939 806 2017 expraefectus
825 1949 965 2015 vocator,
995 1938 1035 1998 ad
1058 1960 1151 2021 quem
1171 1950 1256 1999 extat

148 2022 281 2083 edIctum
301 2025 461 2084 iustiniani
480 2041 604 2082 nonum.
656 2022 799 2101 hyphen
811 2024 846 2082 in
858 2022 1006 2083 seditione
1020 2026 1256 2085 victoriatorum.

152 2107 302 2169 Theodori
319 2111 441 2188 frater,
470 2109 526 2188 qui
552 2105 672 2188 pridem
693 2106 837 2168 eumdem
858 2111 1067 2188 magistratum
1089 2109 1253 2168 habuerat:
1271 2113 1295 2168 P
1313 2113 1365 2170 115

147 2191 252 2254 chron.
274 2191 443 2256 Alexandr.
463 2195 644 2274 Longinus,
673 2196 759 2253 cuius
780 2193 986 2274 praefecturae
1012 2195 1093 2254 iufra
1115 2197 1256 2255 meminit
1271 2201 1298 2257 V
1315 2201 1368 2258 855
1421 2194 1423 2198 ’

146 2280 323 2359 Procopius.
364 2279 551 2356 Donnicus,
573 2283 627 2360 qui
642 2281 762 2358 Apiona
778 2279 912 2354 consuis,
933 2299 1004 2338 cum
1018 2290 1167 2360 potestate
1185 2282 1256 2341 fuit.

145 2367 322 2444 diaconias,
345 2363 384 2424 ad
406 2383 498 2446 quem
520 2367 639 2445 scripsit
660 2365 845 2424 lastinianus
864 2365 1018 2424 novellam
1039 2367 1111 2432 134.
1157 2366 1257 2426 (iecra

142 2453 223 2529 gius
251 2450 329 2510 falso
359 2451 572 2512 coniurationis
599 2453 632 2509 in
661 2451 874 2530 imperatorem
894 2460 1064 2525 accusatus,
1093 2461 1128 2509 ut
1154 2450 1256 2530 prodit

144 2533 363 2615 Theophanes.
405 2537 578 2614 Procopius
599 2544 718 2612 noster,
753 2537 807 2617 qui
834 2555 1036 2596 successorem
1055 2533 1162 2595 habuit
1182 2537 1255 2596 An-

145 2619 251 2680 dreom
273 2639 352 2683 anuo
369 2622 529 2680 iustiniani
549 2622 705 2699 trigesimo
726 2631 832 2696 sext03
854 2630 923 2700 post
944 2640 1038 2702 quem
1051 2623 1153 2682 Victor
1165 2623 1255 2681 Tuu-

144 2709 248 2766 nensis
269 2710 355 2786 pouit
375 2703 537 2766 Iulianum
557 2709 711 2784 trigesimo
732 2725 814 2765 nouo
836 2725 915 2766 anno
935 2708 1104 2765 Iustiniani.

231 2793 268 2850 P.
291 2791 349 2869 65,
371 2796 402 2856 2.
450 2793 533 2850 Miro
561 2812 635 2849 sone
663 2811 739 2850 casu
769 2791 943 2869 convomit]
972 2792 1099 2850 Testem
1126 2789 1252 2852 huiusce

144 2876 265 2936 mirifici
285 2895 373 2936 casus
393 2879 492 2956 ipsam
518 2878 706 2955 imperatoris
727 2895 892 2956 purpuram
912 2878 1023 2951 fuisse,
1052 2885 1154 2935 namet
1173 2880 1251 2935 Pro-

146 2964 252 3042 copius
273 2962 295 3020 l.
318 2967 333 3028 1
360 2961 452 3020 aedis.
474 2980 551 3043 quaa
574 2965 606 3018 in
628 2965 710 3040 regia
731 2961 907 3020 servabatur
927 2981 963 3020 eo
984 2961 1101 3020 imbuta
1121 2963 1250 3042 liquore,

145 3050 262 3128 quiex
289 3057 457 3128 martyrum
487 3047 639 3128 reliquiis,
668 3047 774 3108 vitiato
801 3048 881 3106 cruri
908 3043 1038 3106 admotis
1059 3045 1179 3106 abunde
1200 3067 1251 3106 re·

145 3130 305 3192 duudarat.

228 3220 265 3277 P.
287 3215 344 3292 65,
366 3215 397 3280 4·
443 3213 600 3296 Quosdam
619 3237 654 3276 ex
669 3215 888 3293 familiaribus
907 3214 975 3275 dire
996 3235 1101 3277 caesos
1119 3216 1252 3295 impellit

144 3299 192 3360 ad
203 3303 314 3381 falsos
334 3302 424 3361 illius
445 3303 677 3378 accusationes]
708 3304 780 3375 Quis
800 3322 862 3362 uon
884 3299 995 3378 credat,
1017 3321 1088 3362 cum
1108 3303 1252 3360 ecciesia-

144 3389 236 3448 sticos
265 3389 357 3447 etiam
380 3385 429 3446 his
455 3386 571 3448 technis
600 3391 783 3448 lastinianus
810 3385 1063 3447 circumvenerit?
1091 3397 1193 3446 narrat
1218 3385 1253 3444 id

143 3471 320 3532 Eustathius
340 3475 501 3552 Presbyter
522 3476 555 3531 in
576 3477 638 3533 vita
659 3475 692 3534 S.
713 3469 868 3552 Eutychii.
897 3472 931 3536 ol
948 3477 1004 3536 τοῦ
1027 3466 1135 3554 ἆγρίσν
1155 3466 1253 3553 θηρὸς

143 3556 297 3642 ὑπουργοὶ
318 3554 562 3666 συλλαρβᾶνοοσι
583 3555 725 3639 σύροντες
751 3554 825 3632 τούς
853 3556 904 3621 tat
925 3554 982 3636 triv
1007 3554 1176 3638 disposuisse
1198 3559 1255 3618 soei

145 3640 235 3723 dyicc
264 3637 373 3724 ἀνδρὸς
403 3647 580 3721 costuma
612 3637 708 3706 edroi
735 3645 1015 3724 καταμαρτυρῆσαι,
1051 3642 1104 3704 ἵνα
1133 3641 1255 3717 deliaco

144 3729 245 3808 δῆθεν
275 3723 343 3809 μετ’
368 3722 494 3814 stiltiyoo
523 3723 706 3808 προφάσεως
731 3722 823 3790 utitis
854 3730 909 3807 τῆς
938 3725 1107 3808 ἐπισκοπῆς
1137 3725 1254 3802 ἐξεοῦν.

144 3813 295 3874 Immanis
310 3813 427 3874 belluae
447 3818 584 3874 ministri
604 3810 897 3892 comprehendendos
918 3810 1047 3872 trallunt
1067 3814 1171 3870 sancii
1190 3813 1254 3873 viri

135 3899 292 3977 famulos,
314 3911 351 3958 ut
367 3898 516 3964 aduersus
535 3919 603 3958 eum
624 3900 834 3958 testimonium
854 3896 971 3957 dicuni.
1015 3898 1063 3956 Ns
1082 3898 1148 3956 sine
1168 3900 1254 3956 ussto

144 4004 244 4044 casua
272 3985 326 4044 ille
352 4005 386 4044 ex
415 3989 591 4065 episcopatu
612 3986 728 4064 pulsus
756 3981 910 4047 videatur.
951 3979 1016 4044 Sed
1038 4001 1107 4042 cum
1127 4001 1160 4040 re
1186 3984 1254 4062 ipsa

143 4069 250 4150 pulsus
273 4072 313 4130 sit
334 4089 352 4128 a
372 4073 536 4130 iustiniano
557 4068 742 4149 Eutychius,
772 4079 804 4128 et
829 4065 868 4127 de
892 4089 928 4128 eo
949 4071 990 4128 sit
1009 4069 1182 4127 institutum
1201 4069 1253 4125 iu·

143 4154 273 4231 dicium,
305 4155 562 4238 quemadmodum
589 4153 639 4214 hic
667 4158 700 4215 in
720 4151 876 4214 Theodoti
899 4172 988 4213 causa
1013 4163 1115 4212 namt
1134 4154 1249 4212 Proco-

141 4243 228 4321 pius,
259 4240 289 4305 τὶ
310 4247 459 4328 περιεῖχον
481 4243 513 4307 ol
533 4243 663 4323 iltislios
692 4235 860 4325 ἀναγκαῖον
880 4233 1029 4320 decisus,
1053 4236 1106 4303 sat
1125 4231 1249 4347 politus
