2959 4792
250 280 351 325 mur
577 252 771 321 MALTRtt‘t't
804 254 1028 327 PRAEFATIO.

252 426 337 517 stigia
357 424 477 513 prodere
498 437 657 513 coeperunt.
699 425 802 491 Postea
824 426 908 514 duplo
939 428 1089 515 ampliores
1109 426 1242 515 prodiere
1265 429 1356 495 studio

251 544 334 619 atque
354 552 442 617 opera
467 528 582 595 Davidis
602 528 774 593 lloescbelii.
816 530 875 594 lam
905 530 1014 595 domum
1032 531 1197 622 exhist
1219 531 1355 619 integros,

251 646 444 721 praeterquam
465 630 570 695 dnobus
592 630 619 693 iu
640 628 725 706 locis,
755 631 803 695 ubi
823 631 968 697 admodum
989 654 1078 720 pauca
1097 632 1219 698 librariis
1242 634 1355 698 excide·

250 748 322 802 runt.
364 734 449 801 Huius
468 730 597 797 benefici
618 730 734 817 primam
749 732 888 819 originem
906 736 1024 819 positam
1045 735 1128 800 audio
1150 736 1178 799 in
1197 733 1355 820 locupletis·

251 842 321 905 sima
342 838 397 904 ttn.
421 838 593 902 Srcurran
618 831 796 900 lllustrissimi
824 836 962 901 Francius
981 837 1151 904 cancellarii
1170 837 1355 902 bibliotheca.

247 941 291 1007 lbi
311 940 374 1006 MS.
390 948 560 1012 emereatur,
584 934 675 1012 cuius,
697 946 726 1001 ut
745 935 785 1000 ita
801 936 906 1014 dicam,
933 958 1063 1025 propago
1084 951 1127 1004 est
1148 939 1254 1014 codex,
1281 938 1356 1003 nude

249 1055 340 1109 textus
355 1042 479 1107 Graecus
494 1038 605 1125 Regiae
626 1036 702 1103 huic·
713 1037 827 1103 editioni
845 1040 984 1125 suppetiit.
1026 1041 1099 1105 Eum
1112 1059 1170 1129 ego
1186 1040 1312 1105 codicem
1326 1040 1357 1105 in

248 1144 427 1233 Lectionibus
446 1141 531 1208 variis
553 1140 721 1206 Tolosanum
742 1138 803 1204 iure
824 1140 953 1226 appello;
982 1154 1133 1228 propterea
1159 1143 1234 1231 quod
1255 1140 1370 1205 doctis·¹

250 1246 313 1311 sinui
340 1244 461 1333 Philippi
480 1240 576 1309 lucebi
600 1240 740 1307 Maussaci
764 1239 908 1307 Tolosatis
929 1264 996 1307 curra
1022 1242 1187 1330 descriptus,
1213 1254 1277 1328 post
1296 1242 1358 1307 eius

252 1347 370 1423 obitum,
396 1367 415 1410 e
430 1345 555 1409 manibus
569 1344 740 1431 possessoris
752 1344 849 1431 optimi
869 1365 903 1407 ac
916 1342 1108 1429 spectatissimi
1122 1344 1176 1411 Du.
1192 1345 1288 1411 Vitelli
1302 1347 1357 1410 Se·

251 1448 357 1515 naturis
378 1448 451 1511 dono
478 1445 584 1513 transiit
605 1444 751 1511 advirum
774 1444 961 1511 Clarissimum
989 1444 1159 1511 bernardum
1185 1446 1355 1512 llodouium

254 1551 311 1630 Qui
325 1549 497 1636 utprivatum
511 1571 605 1612 munus
619 1545 755 1633 publicum
779 1547 900 1623 luceret,
925 1545 1008 1622 mihi,
1034 1546 1124 1612 amico
1144 1549 1235 1613 ueteri
1253 1546 1356 1611 multis·

255 1674 310 1737 que
324 1649 454 1714 obstricto
468 1649 613 1713 beneflciis
627 1648 714 1735 ipsum
723 1648 923 1735 benignissime
937 1648 1041 1714 obtulit
1084 1652 1150 1737 Ego
1164 1670 1234 1714 uero
1248 1648 1355 1735 accepi,

255 1765 285 1818 et
296 1752 440 1838 accepisse
454 1753 544 1817 lactor
560 1774 596 1819 eo
616 1755 722 1842 magis,
746 1771 801 1837 quo
819 1749 917 1814 melius
936 1751 1002 1815 novi
1022 1765 1209 1838 praestantem
1233 1749 1293 1814 eius
1306 1750 1357 1816 hu·

255 1855 429 1931 manitatem,
451 1854 621 1933 doctrinam,
650 1868 732 1943 atque
749 1852 905 1941 ingenium.
949 1852 1096 1920 Caeterum
1117 1874 1217 1919 moneo
1242 1873 1298 1918 uou
1318 1852 1359 1919 ita

254 1978 302 2023 mc
325 1976 401 2025 usum
422 1955 555 2023 eiusmodi
576 1958 639 2023 MS.
661 1970 846 2042 utnusquam
867 1954 904 2019 ad
929 1954 1081 2021 editionem
1100 1957 1289 2044 Augustsuam
1310 1975 1359 2020 re·

253 2058 405 2145 spexerim.
448 2060 534 2125 lmmo
551 2080 662 2147 semper
676 2056 753 2123 illam
766 2069 831 2121 ante
849 2055 945 2122 oeulos
958 2056 1058 2136 hebui,
1084 2080 1120 2123 ac
1131 2057 1219 2123 sicubi
1238 2056 1359 2123 meliora

251 2160 367 2237 obtulit,
398 2160 498 2249 excepi
520 2160 636 2239 lubens,
659 2158 853 2244 contextuique
874 2158 986 2226 inserui.
1033 2160 1172 2246 Quidquid
1194 2157 1359 2225 discriminis

252 2260 320 2337 luit,
350 2260 379 2325 id
401 2260 429 2325 in
451 2262 615 2328 lectionibus
635 2261 719 2325 uariis
748 2259 884 2345 reperies.
926 2261 1029 2337 Addo,
1056 2260 1188 2326 lecturum
1212 2273 1242 2327 te
1260 2262 1289 2325 iu
1312 2260 1359 2325 bia

251 2362 340 2437 libris,
361 2383 537 2449 quaecuuque
551 2362 656 2427 inedita
669 2360 763 2427 retulit
778 2382 815 2425 ex
829 2360 967 2448 Procopio
979 2363 1076 2429 Petrus
1096 2363 1204 2452 Gpllius
1213 2362 1249 2428 -in
1262 2362 1358 2449 'l'opo-

142 2484 145 2492 ·
252 2462 376 2550 graphia
397 2464 452 2529 CP.
470 2462 569 2529 Procul
591 2463 675 2530 dubio
702 2462 829 2527 codicem
849 2476 944 2529 naeus
968 2478 1028 2528 erat
1049 2464 1093 2530 uir
1117 2465 1238 2531 eruditus
1261 2476 1360 2531 nostro

253 2564 381 2629 similem.
424 2548 468 2629 dc
485 2565 558 2629 lorte
584 2586 620 2628 eo
632 2564 695 2649 ipso
711 2586 776 2629 usus
792 2575 849 2641 est,
871 2586 953 2650 quem
972 2565 1058 2629 babet
1069 2566 1268 2631 lllustrissimus
1283 2566 1358 2631 Gau·

113 2734 116 2741 ,
253 2664 399 2740 cellarius,
423 2677 452 2729 et
472 2664 540 2729 olim
563 2663 693 2729 habuisse
718 2664 817 2729 dicitur
835 2666 933 2731 Illustr.
956 2689 992 2733 ac
1016 2664 1174 2733 Reuereud.
1200 2668 1360 2744 Cardiuslis

254 2763 452 2843 Armeniacus,
478 2765 554 2831 cuius
568 2766 762 2833 Bibliothecae
777 2766 884 2855 Gpllius
901 2768 1029 2854 praefuit.
1058 2768 1171 2835 Tenere
1184 2780 1227 2845 tc,
1244 2769 1358 2849 Lector,

255 2866 354 2933 diutius
369 2868 444 2933 uolo.
487 2868 637 2954 Procopius
652 2867 763 2935 invitat:
789 2869 965 2955 i‚.sequcru;
992 2870 1074 2935 benis
1096 2869 1193 2937 avibus
1206 2870 1362 2957 ingredere

255 2967 343 3036 uiant
371 2970 510 3038 Iustiniani
523 2970 651 3039 aedificia
664 2969 730 3037 obi:
759 2970 870 3059 singula
891 2972 1042 3062 diligenter
1055 2972 1169 3061 inspice
1205 2971 1289 3041 Vale.
1345 2982 1355 3008 ‘
