2959 4792
256 183 331 258 368
602 185 648 260 IN
672 185 784 254 fflST.
806 184 1005 254 ARGANAM

255 350 341 436 quod
364 352 506 414 Iustinus
532 353 707 412 avunculus
735 354 902 432 imperator
926 362 1036 411 exacta
1056 353 1121 413 ism
1148 362 1224 412 esset
1251 363 1357 431 coste,

253 451 283 499 et
309 440 496 521 respublicae
520 435 670 520 gerendos
693 435 785 500 haud
810 439 934 498 omruno
950 442 1081 519 peritus.
1121 436 1198 502 Vide
1217 439 1298 498 inira
1319 437 1357 498 ad

254 546 274 607 p
339 613 375 669 P.
398 609 451 685 45,
473 611 504 672 9.
547 607 742 670 lastinianus
762 611 880 670 sororis
896 606 999 688 filius]
1017 611 1054 668 ln
1073 609 1187 670 Gracco
1209 617 1256 668 eat
1276 601 1359 690 ribei·

256 695 377 774 φιόοῦς,
398 699 441 756 sio
463 697 555 754 etiam
576 697 734 774 Euagrius,
756 705 788 754 et
807 696 940 776 cyrillus
961 692 1226 775 Scythopolitanus
1247 696 1358 753 Prooc-

254 785 299 861 pii
329 781 489 862 aequales3
521 779 726 860 Theophanes
752 800 841 857 varo,
872 791 904 840 et
930 782 984 840 alii
1010 783 1189 860 posteriores
1219 775 1358 856 οἷνεψιόν,

147 863 241 918 Ρ104
257 869 433 927 Anastasius
456 863 705 926 Bibliothecarius
725 868 817 926 vertit
833 877 983 945 nepotem,
1004 867 1136 925 Graecae
1156 867 1238 924 vocis
1261 865 1359 923 ambi-

165 932 404 1030 ³²²g11itatem
425 962 561 1028 secutus,
592 971 669 1032 quae
695 963 763 1011 tum
790 971 831 1011 ex
851 953 959 1027 fratrs,
986 961 1054 1010 tum
1080 971 1122 1010 ex
1141 971 1242 1010 sorore
1263 951 1360 1008 filium

257 1037 416 1116 significat.
458 1035 535 1097 Vide
558 1056 635 1119 quae
655 1057 749 1117 supra
766 1038 937 1096 notavimus
958 1034 999 1095 ad
1018 1057 1050 1116 p.
1067 1039 1110 1099 22
1129 1037 1185 1095 lin.
1203 1037 1257 1100 38.
1298 1038 1360 1094 La·

257 1125 315 1180 tiui
336 1125 401 1182 eius
422 1124 566 1203 temporis
586 1121 722 1182 historici
743 1124 931 1202 explicatius,
952 1122 1146 1182 Marcellinus
1165 1124 1199 1180 in
1220 1119 1359 1180 chronico

260 1228 294 1266 er
311 1227 414 1267 sorore
432 1219 568 1288 nepotem
589 1205 685 1268 dixit:
716 1210 760 1268 sio
781 1210 873 1267 etiam
894 1206 1071 1282 lornandes‚
1095 1209 1150 1288 qui
1170 1227 1249 1266 anno
1268 1209 1360 1266 lusti-

258 1293 344 1352 niani
365 1295 510 1374 vigesimo
533 1305 638 1376 quarto
666 1294 831 1368 scribebat,
858 1303 888 1353 ct
909 1294 1111 1352 Avunculum
1130 1295 1281 1354 lustinum
1305 1311 1361 1371 ap·

259 1379 401 1457 polluit,
431 1399 542 1460 nempe
573 1381 678 1440 matris
704 1379 865 1439 Iustiniani
890 1378 1026 1437 fratrem.
1067 1377 1205 1438 Andreas
1225 1379 1360 1436 Alciatus

259 1465 284 1522 l.
306 1461 344 1539 4,
375 1463 525 1544 dispunct.
548 1485 575 1524 c.
592 1466 631 1539 7,
661 1475 691 1522 ct
712 1465 864 1523 Hubertus
886 1465 1004 1530 Goltius
1024 1466 1059 1522 in
1078 1465 1182 1540 fastis,
1202 1463 1362 1521 iustiniani

260 1559 418 1629 parentam
437 1552 587 1609 lustinum
606 1549 753 1610 feceriut.
794 1551 932 1608 Fortasse
953 1551 1024 1629 quia
1043 1552 1087 1608 sic
1107 1568 1178 1608 aum
1194 1551 1228 1606 in
1249 1550 1362 1607 consti·

155 1669 160 1688 .
260 1635 426 1694 tuticuibus
455 1654 544 1715 saepe
571 1633 756 1695 lastinianus
784 1636 971 1712 nominum
1003 1633 1058 1695 ssd
1085 1633 1243 1717 adoptatus
1269 1644 1315 1694 est
1343 1651 1362 1692 a

259 1720 392 1795 luetino,
414 1739 475 1778 uon
497 1721 627 1798 genitus.

344 1806 380 1864 P.
403 1803 454 1880 45,
478 1806 529 1869 10.
570 1806 680 1865 Aetate
701 1803 817 1884 iunior]
839 1805 953 1865 Graece
973 1815 1020 1865 est
1037 1805 1150 1885 κομιδῆ
1167 1800 1259 1877 cloes
1267 1804 1363 1883 plum

259 1885 445 1948 adolescens.
487 1891 584 1962 Quoto
605 1891 710 1950 aetatis
732 1909 813 1950 anno
833 1889 874 1951 ad
894 1891 1113 1970 rempublicam
1131 1893 1290 1950 accesserit
1309 1892 1362 1946 lu-

258 1975 425 2049 stiuianus,
457 1975 535 2034 iuter
556 1977 696 2058 antiquos
716 1977 875 2055 scriptores
895 1995 959 2035 non
979 1978 1134 2050 convenit,
1161 1978 1264 2034 minus
1284 1978 1362 2033 inter

258 2063 452 2120 recentiores.
494 2062 646 2121 Hubertus
666 2059 836 2142 Giphanius
856 2064 889 2120 io
911 2079 1022 2120 comm.
1042 2059 1081 2119 da
1101 2062 1209 2119 lustiu
1230 2060 1287 2120 sub
1300 2062 1362 2118 Ze-

258 2163 340 2205 none
366 2149 546 2226 imperatore
568 2149 691 2206 consula
715 2149 826 2207 Fausto
847 2157 967 2222 natum,
996 2165 1037 2205 ex
1057 2147 1233 2206 Marcellino
1253 2147 1361 2219 refert3

259 2248 368 2291 verum
394 2231 428 2290 id
453 2232 486 2290 iu
507 2233 683 2292 Marcellino
703 2250 856 2312 nusquam
875 2233 1025 2310 legimus3
1058 2229 1250 2310 Theophilus
1270 2231 1362 2289 Iusti-

259 2317 345 2374 niani
374 2328 548 2396 praccsptor
574 2318 646 2376 licet
672 2318 729 2376 sub
751 2320 873 2378 Zenone
900 2327 932 2376 et
950 2317 1059 2377 Acacio
1084 2313 1253 2397 patriarcha
1273 2314 1362 2390 dicat,

149 2401 177 2457 V
191 2401 243 2462 848
261 2403 451 2462 consulatum
470 2414 572 2462 tarncn
593 2405 707 2462 nticet.
750 2405 914 2462 Pauriuius
934 2403 957 2462 1.
977 2406 997 2465 8
1018 2403 1181 2476 fastorum,
1210 2420 1290 2460 anno
1310 2420 1363 2459 aa·

260 2489 333 2545 tatis
355 2497 460 2567 quarto
483 2497 514 2546 et
541 2486 772 2568 quadragesimo
799 2489 963 2568 imperium
983 2489 1115 2566 cepisse,
1142 2487 1228 2546 nullo
1249 2498 1362 2560 autore,

260 2583 381 2647 narrat3
403 2573 529 2632 fortasse
552 2575 667 2654 accepit
687 2593 706 2632 a
725 2576 859 2648 zonara,
881 2575 934 2653 qui
955 2574 1096 2653 quintum
1115 2582 1146 2631 et
1168 2571 1364 2653 quadragesi-

238 2657 350 2716 'mum
377 2667 461 2716 notat
488 2677 612 2716 annum.
655 2660 794 2738 Pugnare
820 2669 924 2717 tamen
950 2677 1056 2725 secum
1075 2660 1208 2717 Zonaras
1233 2656 1363 2732 ridetur,

261 2741 316 2800 ubi
341 2753 442 2800 narrat
469 2745 618 2802 Iustinum
639 2744 823 2802 auunculum
849 2763 1003 2802 recinam
1023 2745 1225 2802 Iustinianum
1243 2744 1362 2822 imperii

262 2829 379 2885 socium
399 2824 526 2903 habere,
548 2839 638 2909 atquc
659 2827 693 2888 id
712 2828 889 2907 urgentibus
910 2829 1096 2908 principibus
1119 2827 1250 2902 dixiss03
1277 2827 1363 2887 vobis

263 2911 434 2992 optandum
454 2923 498 2970 est
518 2933 555 2972 ne
575 2913 657 2972 huuc
672 2933 850 2992 purpuram
869 2915 972 2973 iunior
997 2914 1115 2995 aliquis
1135 2911 1264 2972 induat.-
1291 2932 1363 2972 num

262 3015 325 3055 non
352 3007 399 3058 est
424 2999 525 3058 iunior
554 3000 607 3079 qui
629 3001 763 3079 quinque
785 3009 816 3058 ct
837 2997 1036 3080 quadraginta
1063 3019 1210 3058 annonam
1237 3009 1293 3058 est.
1334 3001 1362 3058 A

262 3085 381 3142 Zonura
401 3103 509 3162 purum
533 3080 681 3162 discrepat
699 3081 901 3164 Nicephoras,
930 3087 984 3164 qui
1009 3103 1088 3144 anno
1115 3085 1220 3143 aetatis
1241 3095 1363 3162 octoga-

262 3171 341 3229 simo
362 3166 494 3228 secundo
508 3171 708 3228 Iustinianum
728 3169 839 3230 obiisse
855 3170 969 3229 scribit.
1012 3169 1172 3230 Scholium
1188 3169 1226 3228 ab
1248 3169 1364 3228 erudito

262 3255 328 3312 rim
349 3251 532 3331 descriptum
555 3255 630 3313 olim
650 3253 765 3312 offendi
789 3257 822 3313 in
848 3257 1052 3334 manuscripto
1075 3257 1229 3316 Vaticano.
1274 3259 1364 3318 Kos·

263 3339 404 3402 armiro
424 3337 448 3419 ἦ
467 3335 580 3420 γαμετή
602 3341 781 3422 Μωνρικίον
802 3339 961 3424 ἐγέννησεν
981 3336 1066 3414 οἷόν,
1093 3335 1133 3404 όν
1152 3337 1170 3403 ό
1190 3341 1366 3422 Μωνρίιιος

264 3417 437 3505 ἐπωνόμαζε
459 3420 627 3489 Θεοδόσιον.
669 3428 732 3487 τοῖν
759 3415 818 3489 οὖν
837 3424 973 3489 Βενέτων
1000 3419 1176 3509 κραζόντων
1195 3417 1364 3488 ’locotrocc-

264 3505 318 3574 νόν
338 3513 513 3583 καλεῖσθαι,
544 3509 578 3573 οἱ
599 3502 751 3590 Πρόσινοι
771 3509 896 3594 ἔκραζον
916 3504 1097 3587 Θεοδόσιον,
1123 3506 1175 3574 διό
1195 3505 1229 3573 τό
1254 3503 1365 3574 Orobii·

264 3613 333 3658 σνον
357 3589 412 3657 τόν
441 3593 564 3702 pucella
590 3587 761 3676 όρθόόοξον
785 3595 929 3679 γενέσθαι
936 3643 946 3673 ,
976 3595 1030 3659 sol
1057 3591 1154 3660 mitat
1180 3593 1232 3676 lm
1268 3597 1364 3676 ζῆσαι.

262 3674 395 3760 ἤρξαντο
418 3703 475 3743 ουν
496 3679 529 3743 ol
544 3677 666 3743 Βὲνετοι
686 3678 800 3762 λέγειν,
832 3677 870 3744 τό
897 3681 1076 3762 δωρηθέντα
1103 3680 1155 3761 ἔτη
1174 3685 1221 3742 cci
1246 3673 1364 3744 ’Iocoru-

263 3769 362 3849 ννανῷ
383 3763 402 3828 ό
422 3757 538 3846 Κόριορ
564 3759 712 3845 παράσχοι
733 3786 783 3830 σοι
808 3764 842 3830 όν
869 3761 991 3853 εἰρήνῃ,
1021 3765 1148 3830 besulci
1176 3742 1205 3828 [ό
1230 3764 1282 3845 ἔτη
1311 3763 1364 3827 sol

263 3849 367 3913 πλείω.
417 3847 440 3929 ἡ
466 3845 524 3931 γὰρ
557 3845 616 3928 ζωή
648 3854 705 3914 τοῦ
732 3849 877 3932 βασιλέως
906 3851 1073 3914 Osoicoloo
1099 3849 1215 3934 tylem
1242 3849 1294 3930 ἔνη
1323 3843 1365 3924 ν’.

268 3931 473 3994 Constantina
493 3936 642 3994 Maurius·
667 3939 777 3996 comus
799 3937 909 4013 filium
926 3940 1037 4016 genuit
1043 3981 1053 4013 ,
1084 3956 1174 4017 quem
1193 3937 1366 3997 Mauritius

269 4015 471 4076 Theodosium
495 4022 686 4094 nonainavs't5
713 4032 748 4082 ot
773 4022 881 4083 Veneti
907 4021 1118 4082 hutinionum
1145 4017 1381 4101 appellandum·

265 4101 500 4163 οοηεοηιίνόαηνι
522 4115 628 4165 contro
647 4108 778 4166 Prasiai
801 4105 1016 4186 roeodoeium,
1044 4104 1131 4187 quod
1149 4107 1203 4166 ille
1221 4103 1366 4166 orthodo-

265 4209 325 4248 sus
335 4188 455 4278 suerit,
486 4187 599 4270 ducque
618 4193 737 4258 vixerit.
786 4194 863 4253 Tum
887 4193 993 4255 l'enets'
1012 4194 1242 4269 acclamarunt,
1271 4191 1366 4254 tueri·
