2959 4792
190 1281 1132 1441 catenatio

316 1506 635 1631 QUILIELMI
674 1505 1006 1586 DINDORFII.

110 1918 220 2055 Quum
239 1966 351 2033 librarii
362 1969 484 2033 rationes
497 1968 596 2035 diutius
611 1963 721 2063 dillerri
738 1967 981 2037 bniusuoluminis
995 1965 1143 2031 editionem
1158 1986 1214 2029 uun
1274 1943 1279 1953 .

111 2083 284 2159 emerentur,
316 2070 425 2133 omissis
453 2072 578 2135 codicum
598 2072 795 2137 Vaticanomm
821 2070 992 2153 aliorumque
1012 2067 1213 2142 collationibus,
1275 2155 1277 2160 Ι

111 2175 228 2239 nondum
245 2171 395 2247 absolutis,
415 2172 571 2259 ceterisque
591 2196 663 2261 qnae
685 2176 712 2239 ei
734 2173 887 2237 destinatae
908 2184 987 2235 erant
1011 2170 1216 2233 accessionibus
1326 2180 1331 2193 '

113 2290 139 2341 et
151 2276 244 2339 iudice
259 2274 372 2339 Gracco
384 2273 459 2359 quali
473 2271 521 2337 bie
534 2276 654 2359 scriptor
667 2296 722 2339 non
731 2274 865 2361 indignus
880 2273 948 2337 mihi
961 2270 1108 2337 videbatur
1124 2270 1217 2355 paullo

112 2377 255 2461 pleniore,
285 2396 375 2460 opere
393 2388 486 2439 nostra
506 2374 713 2461 angustioribus
734 2396 816 2460 quam
836 2374 956 2439 solemus
980 2372 1080 2438 linibus
1100 2384 1143 2437 est
1163 2373 1216 2437 eir·

114 2478 289 2563 conscripta:
312 2476 348 2541 de
370 2499 424 2562 quo
444 2478 540 2563 paneis
552 2478 682 2541 dicemus.

194 2579 340 2643 Historiae
363 2600 483 2643 arcanae
504 2576 619 2654 librum,
642 2600 724 2662 quem
744 2576 873 2642 falluntur
893 2578 939 2663 qni
961 2582 1091 2665 aeriptmn
1111 2600 1130 2641 a
1149 2576 1217 2641 Pro·
1265 2564 1271 2569 ’

116 2685 196 2769 copie
223 2700 289 2745 esse
316 2693 434 2767 negant,
473 2682 576 2766 primus
606 2678 692 2743 edidit
721 2677 854 2743 Nicolaue
889 2679 1057 2744 Alamannus
1090 2677 1221 2763 Lugduni

118 2806 143 2845 a.
159 2783 250 2849 1623.
263 2780 406 2845 codicibus
421 2804 485 2845 neus
495 2780 636 2847 Vaticanis
655 2780 762 2844 dnobus
781 2779 934 2868 amplisque
952 2781 1053 2855 ¹additis
1066 2782 1219 2843 annotatio·

118 2882 205 2959 uibus,
227 2904 296 2969 quas
316 2882 386 2947 locis
407 2905 463 2947 non
483 2882 578 2970 paucis
600 2904 637 2945 er
658 2881 770 2945 schedis
790 2882 936 2945 Alemanni
957 2884 1022 2947 auxi
1046 2892 1076 2945 et
1096 2881 1218 2944 correxi.

117 2984 284 3049 Alemannus
310 2986 385 3049 enim
403 3006 520 3059 novam,
553 2997 582 3048 ut
603 2984 728 3057 videtur,
759 2982 909 3047 editionem
928 2985 1089 3057 meditatus,
1117 2981 1221 3044 ueteris
1285 3060 1288 3065 Ι

120 3084 261 3171 exemplar
277 3085 496 3151 correctionibus
508 3087 585 3161 suis,
612 3087 713 3171 partim
735 3107 773 3148 ex
792 3085 891 3148 codice
905 3082 1109 3149 Mediolanensi
1124 3082 1219 3157 ductis,

119 3201 146 3251 et
161 3185 352 3249 additamentis
364 3198 472 3251 auctuum
486 3185 608 3273 reliquit,
632 3186 705 3272 quod
726 3188 755 3249 in
775 3185 948 3249 bibliotheca
961 3185 1163 3251 barberiniana
1176 3206 1220 3247 ae-
1326 3176 1334 3189 ’

19 3290 20 3341 ἓ
119 3300 252 3353 servatur.
295 3288 339 3350 Ea
358 3287 451 3351 omnia
470 3286 544 3350 aliud
557 3288 587 3350 in
601 3287 747 3373 exemplar
761 3286 884 3351 eiusdem
897 3287 1025 3352 editionis
1040 3285 1076 3347 ab
1089 3306 1120 3348 se
1135 3297 1221 3369 trans·

19 3366 20 3395 ¹
121 3390 221 3474 scripta
233 3410 294 3451 cmm
305 3386 340 3477 L
353 3386 498 3451 Elzevirio
513 3387 578 3451 olim
588 3380 801 3453 ‘communicavit
812 3386 902 3449 Lucas
915 3382 1125 3467 Holsteniua’²):
1147 3388 1222 3450 cuius

19 3500 20 3507 ’
121 3488 185 3554 libri
208 3511 286 3553 naum
309 3510 360 3552 uns
381 3488 578 3564 Gaudoeveri,
607 3490 779 3553 Academiae
793 3487 1082 3552 Rheno-Traiectinae
1101 3487 1223 3551 doctoris

123 3590 281 3665 clarissimi,
309 3589 523 3653 benevolentiae
549 3589 692 3655 debemus.
736 3590 868 3654 Proxima
896 3589 1066 3665 Alemanno,
1096 3591 1149 3653 sed
1174 3590 1224 3653 vix

123 3692 206 3779 digna
219 3702 372 3755 memoratu
384 3692 470 3755 editio
482 3690 593 3755 loannis
608 3692 731 3756 Eichelii
745 3702 787 3755 est
800 3691 977 3771 (Helmstadii
986 3714 1012 3754 a.
1027 3694 1143 3771 1654),
1158 3713 1234 3755 verr
1294 3773 1298 3778 ¹

122 3795 195 3857 boeis
213 3804 330 3856 onerata
349 3790 579 3856 annotationibus.
622 3792 770 3857 Alemanni
791 3792 940 3855 editionem
953 3792 1090 3878 integram
1103 3796 1132 3857 iu
1148 3815 1224 3856 suam

121 3892 253 3959 transtulit
274 3892 436 3969 blaltretus,
458 3888 547 3957 textus
569 3893 671 3958 Graeci
687 3894 762 3959 vitiis
774 3891 897 3976 plurimis
911 3892 1026 3959 sublatis
1041 3895 1155 3958 duorum
1168 3914 1225 3978 ope

123 3996 262 4069 rodium
291 3994 460 4081 Segueriani
477 4006 506 4059 et
526 3992 763 4069 Mediolanensis,
797 3994 832 4058 de
861 3991 958 4079 quibas
987 3995 1056 4060 dixit
1083 3997 1112 4059 in
1141 4014 1223 4080 prae·

186 4286 213 4355 ¹)
234 4284 311 4339 Conl.
328 4278 461 4337 Holstcuii
480 4282 558 4353 epist.
576 4282 611 4337 ad
627 4282 748 4338 Elzeuir.
766 4301 795 4354 p.
817 4284 878 4341 263.
898 4284 941 4339 ed.
960 4285 1083 4340 Boissun.

157 4390 298 4460 buconius
316 4388 368 4441 ΠΙ.
879 4390 882 4393 ’
997 4394 1013 4433 c
