2959 4792
225 322 301 396 378
581 323 627 392 ltt
651 323 760 392 HIST.
785 321 981 392 suctum

223 492 433 552 moeieeimum
471 488 555 550 tium
594 489 790 550 consulatum
820 489 1017 552 lastinianus
1051 489 1163 553 consul
1196 489 1336 552 οπενείατπ

223 578 422 638 orientalium
450 577 612 636 consulum
634 578 775 656 prtffeoto
804 577 1035 657 munificentius
1054 577 1106 636 leis
1133 576 1336 636 liberalitati.

223 663 284 722 irus
305 661 412 722 edidit.
456 664 542 722 Nam
562 680 762 722 ocnxxxvus.
783 663 888 720 millia
915 660 1088 722 solidorum
1114 665 1149 722 irs
1168 663 1335 743 populum,

224 751 318 828 inque
337 749 524 828 spectacula,
547 751 611 806 sire
632 750 665 806 in
685 748 935 828 spectaculorum
954 747 1134 807 machinam
1155 744 1334 822 distributo,

223 851 284 897 xx.
304 833 412 908 hones,
433 852 517 896 xxx.
536 831 675 912 pardos,
695 836 824 912 exceptis
843 834 1032 911 anteferte,
1052 836 1088 892 in
1107 833 1336 913 anphitheatro

223 919 322 978 simul
343 918 490 982 exhibuit.
533 920 720 978 Numeroeoe
743 930 903 999 praeterea
923 919 1166 1001 phaleratosque
1192 921 1227 977 ire
1253 922 1334 977 ot'roo

225 1003 331 1063 ooball
317 1005 365 1062 los
393 1007 459 1062 iam
479 1001 604 1063 donatis
625 1025 747 1085 quoque
776 1006 944 1104 impertivit
964 1007 1101 1084 aurigis,
1128 1024 1195 1063 uua
1216 1001 1333 1062 dunta-

223 1099 279 1148 xat
287 1088 491 1170 ,ultimaque
510 1109 625 1170 mappa
646 1091 812 1148 insanienti
825 1090 945 1170 popula
963 1087 1123 1170 denegata.
1164 1087 1334 1168 Theopha-

224 1195 279 1234 nss
307 1194 378 1234 vero
408 1175 445 1234 ds
468 1174 599 1236 serundo
621 1175 790 1234 consulatu
820 1175 933 1238 ἔδωκεν
960 1173 980 1239 i
1008 1171 1149 1256 βαονλενλς
1175 1172 1334 1279 ν’πατελαν,

223 1259 277 1324 καὶ
307 1263 439 1324 τοοαντα
470 1259 562 1324 ἔδωκε
592 1256 727 1341 χρήματα
759 1254 818 1322 ὅσα
849 1253 950 1334 οὐδεὶς
979 1257 1122 1340 mouns
1150 1255 1334 1334 ὖπατεύοας.

224 1342 323 1408 Dedit
347 1345 466 1426 populo
496 1348 664 1424 imperator
688 1345 901 1424 congiarium,
931 1341 1023 1424 idque
1049 1355 1116 1404 tam
1142 1345 1335 1424 munificum,

224 1441 261 1489 ut
283 1430 392 1490 nullus
413 1433 649 1510 imperatorum,
672 1431 730 1510 qui
750 1430 947 1488 consulatum
966 1433 1110 1510 suscepit.
1151 1429 1239 1502 Quod
1259 1430 1335 1490 sub-

225 1513 288 1590 dit,
310 1516 458 1597 nullaque
479 1517 600 1575 ratione
620 1515 765 1576 barbarie
785 1514 977 1598 effundebat,
1005 1515 1076 1578 vide
1096 1514 1175 1576 infra
1203 1534 1275 1596 pag.
1289 1518 1333 1581 87

224 1602 281 1660 lin.
305 1603 356 1664 11.

310 1688 346 1743 P.
367 1682 419 1758 58,
443 1687 493 1749 16.
534 1684 673 1746 Aeacius
694 1683 825 1766 quidam
846 1697 913 1747 erat
934 1684 1094 1765 Byzantii]
1115 1686 1166 1743 Ex
1186 1681 1245 1744 hoo
1265 1684 1333 1745 1οοο

227 1769 370 1848 colligere
396 1767 576 1830 Theodorae
603 1775 733 1851 patriam
758 1774 842 1832 licet.
891 1777 970 1832 Nam
998 1768 1088 1832 rideo
1117 1768 1332 1850 Nicephorum,

226 1857 386 1929 Zonaram,
407 1856 630 1937 nonnullosque
652 1858 738 1933 alios,
760 1861 840 1917 inter
859 1855 916 1917 hos
937 1868 984 1918 est
1003 1858 1143 1916 Guiaoius
1166 1853 1206 1914 ad
1225 1858 1333 1916 norei-

225 1941 290 1999 lam
311 1959 348 1999 ιι.
372 1941 480 2021 quibus
499 1939 590 2001 huius
610 1939 754 2002 historiae
777 1948 863 2023 copia
883 1963 944 2002 non
971 1943 1046 2016 tuit,
1075 1961 1207 2000 asserere
1226 1940 1334 2000 Theo-

227 2022 364 2084 doram'
354 2045 387 2084 m
410 2046 446 2084 aa
465 2028 558 2106 Cypri
578 2027 652 2086 urbe
672 2039 787 2102 natam,
807 2049 885 2108 quaa
907 2029 945 2088 ob
964 2025 998 2086 id
1018 2025 1151 2086 secunda
1167 2029 1333 2086 Iustiniana

226 2122 332 2171 vocata
354 2109 462 2172 deinde
483 2115 533 2172 sit.
575 2113 616 2172 At
636 2111 769 2172 secunda
789 2115 954 2174 Iustiniana
976 2123 1022 2171 est
1041 2115 1075 2170 in
1094 2114 1205 2190 Epiro,
1229 2115 1293 2170 nt
1283 2133 1333 2170 m-

223 2197 272 2256 ira
290 2195 435 2256 dicemus.
477 2199 518 2255 Et
539 2197 578 2257 ob
600 2199 701 2256 natale
722 2199 823 2258 solnm
834 2196 1024 2274 Theodoraa,
1046 2208 1082 2255 ut
1101 2198 1189 2274 aliae,
1210 2200 1255 2257 sio
1274 2200 1332 2257 ists

227 2281 416 2342 i'lreodorioe
441 2281 644 2363 nuncupanda
671 2284 789 2346 fuisset.
831 2282 908 2345 Vide
939 2281 996 2343 has
1021 2293 1108 2343 notas
1129 2280 1170 2341 ad
1197 2302 1270 2364 pag.
1290 2283 1334 2346 19

308 2451 417 2525 Ρ.58,
442 2455 493 2518 17.
535 2449 594 2510 Ad
612 2450 807 2533 venationes]
832 2449 1016 2512 Addidimus
1037 2451 1332 2532 amphitheatrales,-

222 2557 296 2594 nam
319 2535 356 2594 de
378 2495 427 2595 his
448 2537 592 2642 intelligit
621 2538 642 2596 l.
665 2537 780 2601 Rbess.
804 2535 908 2597 Gotih.
936 2534 970 2602 so*
989 2561 1045 2619 της
1066 2533 1181 2612 πόλεως
1206 2536 1333 2620 κυνηγέ-

222 2640 308 2695 σιον,
335 2616 419 2701 ὅπερ
416 2626 533 2684 καλεῖν
554 2615 766 2704 ἆμφιθὲατρον
786 2624 972 2703 νενομίκασι.
1022 2623 1219 2682 &banorum
1239 2643 1333 2682 νεοα-

222 2710 343 2764 tionum
372 2707 475 2786 locus,
507 2727 597 2786 quem
627 2707 890 2787 amphitheatrum
917 2710 1077 2767 nominare
1105 2718 1334 2770 consueverunt.

221 2793 281 2852 Dio
304 2792 466 2850 Cassinsl.
489 2789 541 2858 18.
572 2789 706 2875 Θέατρον
726 2789 922 2899 ausarensis
942 2787 1147 2897 ἰαριόοας,“
1127 2793 1213 2858 ossi
1234 2786 1334 2895 ἆρον·

223 2875 376 2957 θέατρον,
404 2875 438 2940 ἐκ
466 2880 522 2940 τοῦ
552 2875 637 2960 πέριξ
667 2873 804 2956 ἔδρας’
783 2899 858 2941 arev
879 2883 994 2958 σκηνῆς
1024 2877 1101 2959 ἔχειν
1120 2873 1334 2958 ranutius.

229 2962 392 3023 Theatrum
419 2959 464 3020 ad
488 2965 664 3024 venationes
691 2966 917 3043 circumsepsit,
951 2961 1002 3023 iti
1012 2975 1041 3023 et
1070 2964 1335 3044 amphitheatrum

223 3057 361 3125 vocatur,
385 3044 479 3128 quod,
500 3047 625 3108 nulla
612 3069 646 3108 eu
665 3046 765 3109 medio
786 3069 885 3130 soma,
905 3051 1107 3110 circumiroa
1126 3048 1239 3109 hebeat
1256 3049 1334 3109 eub-

224 3133 325 3194 sellia.

308 3219 346 3277 Ρ.
369 3216 493 3294 5817.
538 3219 636 3298 Quem
655 3230 767 3279 roomt
787 3216 960 3298 ursarium]
980 3221 1017 3277 ln
1038 3219 1153 3279 Graeco
1175 3229 1220 3279 est
1241 3212 1334 3321 ἄραρ-

223 3295 353 3385 roipert,
374 3323 518 3362 ursorum
538 3303 675 3367 altorem.
718 3307 863 3364 Leontius
884 3303 1011 3386 quidam
1029 3299 1165 3368 11τίῐάπό
1184 3299 1335 3406 α’ραοτρό·

225 3412 305 3465 φοο,
336 3389 390 3468 qni
418 3410 452 3446 es
475 3409 620 3447 ursorum
640 3389 740 3448 altore
760 3388 926 3450 monachus
947 3392 1057 3464 evasit,
1086 3387 1169 3449 huno
1189 3393 1333 3471 antiquus

223 3475 370 3554 interpres
392 3475 511 3534 concilii
532 3471 786 3535 Chalcedonensis
808 3477 970 3533 ursarium
989 3475 1164 3555 appellarit.

307 3561 343 3617 Ρ.
366 3558 490 3634 68,18.
536 3558 708 3639 Comuona]
733 3561 819 3618 Hans
840 3563 1023 3619 lastinianus
1050 3580 1130 3619 anno
1150 3561 1250 3640 primo
1269 3559 1333 3618 im·

222 3645 301 3723 parii
320 3603 441 3704 tradii
431 3665 465 3702 sn
486 3647 713 3706 matrimonium
735 3646 831 3705 Sittaa
851 3648 976 3725 patricio
997 3647 1160 3704 Armenias
1181 3643 1252 3704 dnoi
1274 3643 1333 3703 de-

222 3731 352 3806 signato.
395 3727 616 3810 Theophanes3
644 3726 843 3836 προεβάλλετο
864 3727 939 3795 iii
965 3727 1105 3811 iussistis
1126 3724 1334 3838 στρατηλατην

223 3807 380 3894 Ἀρμενίας
400 3815 511 3878 Σλτταν
533 3811 633 3920 ἄνδρα
662 3811 839 3896 πολεμικὸν,
869 3816 923 3880 καὶ
952 3807 1210 3893 ἱκανώτατον,
1184 3840 1209 3902 ρο
1236 3813 1335 3890 ἶζεοξε

222 3903 354 3978 γυναῖκα
368 3896 492 4000 Koussai
514 3923 571 3981 την
594 3895 729 3981 α’δελφην
752 3895 915 3983 Θεοὸόρας
933 3924 989 3981 της
1000 3895 1192 3980 Αογοοοτης
1237 3901 1335 3962 Crea-

223 3985 271 4040 vit
297 3993 399 4041 autem
431 3987 596 4066 imperator
624 3989 772 4045 exereitus
790 3986 959 4046 Armenias
986 3989 1196 4066 imperatorem
1217 3988 1336 4046 Sittam

221 4069 325 4126 uirum
351 4067 529 4128 bellicosum
558 4092 596 4131 ar
616 4083 793 4151 strenuum,
822 4073 876 4131 oui
899 4069 985 4132 dedit
1012 4093 1135 4131 uxorem
1161 4069 1335 4131 iireodorae

125 4157 202 4215 181
221 4153 389 4231 Augustae
409 4175 552 4233 sororem,
574 4159 694 4216 nomine
717 4154 919 4218 Comitanam.
960 4159 1010 4216 An
1030 4155 1122 4217 huius
1144 4159 1335 4231 comnenae,

222 4259 262 4296 an
289 4257 361 4298 vero
381 4241 556 4300 Anastasius
587 4243 649 4300 filia
667 4243 760 4302 fuerit
781 4240 898 4323 Sophia
918 4244 1056 4323 Angusta
1075 4245 1184 4302 lustini
1204 4245 1335 4302 iunioris

173 4321 179 4334 '
221 4343 316 4401 uxor,
344 4344 437 4408 qnam
464 4327 564 4390 Victor
590 4329 765 4390 Tunnensis
792 4329 827 4388 in
854 4324 959 4390 chron.
1014 4326 1186 4390 iiieodoroe
1213 4338 1337 4409 neptem
