2959 4792
276 250 350 323 408
622 252 668 321 ut
692 251 1025 321 insuescunt

275 438 347 481 vero
369 438 446 500 quae
473 414 607 478 hostium
630 414 740 477 damna
762 419 863 478 minus
885 425 1033 493 senserat,
1062 413 1132 493 ἕνδς
1151 410 1251 499 μόνον
1270 439 1378 497 κεντη-

273 508 382 587 ναρίον
404 497 592 586 συγχώρησιν
614 505 749 583 δοθῆναι
770 505 910 566 συνεῖδον
930 503 963 566 ci
986 502 1160 579 irrisiones,
1186 507 1379 561 mursense.

274 601 342 647 tum
358 593 521 647 centenarii
539 591 744 648 remissionem
758 588 898 647 dandam
919 591 1075 667 episcopos
1093 586 1267 648 decreuisse.
1299 592 1378 668 Epi·

275 695 381 754 scopos
404 678 446 733 ait
467 673 643 749 decrevisse,
665 695 776 753 nempe
787 678 952 733 Antonium
972 676 1187 750 Ascalonitam,
1209 684 1239 731 et
1256 673 1379 733 Zacha-

275 763 352 819 riam
379 762 568 835 Pellensem,
597 780 673 840 quos
700 758 886 839 pensitandis
914 761 1091 818 clericorum
1119 770 1151 817 ct
1181 759 1378 817 ecclesiarum

275 842 393 903 damnis
416 848 598 905 lastinianus
620 848 813 925 praefecerat,
834 855 868 903 ut
889 842 972 903 idem
992 846 1123 923 cyrillus
1144 854 1253 902 narrat.
1298 848 1378 903 Nam

274 932 369 989 Sabas
391 933 438 989 vir
458 941 577 990 sanctus
599 950 667 989 eam
686 935 893 989 remissionem
913 950 975 989 non
995 949 1050 1008 pro
1074 930 1152 987 clerc
1170 938 1299 1001 tantum,
1321 930 1378 988 sed

274 1019 367 1077 etiam
386 1034 441 1097 pro
463 1016 582 1095 populis
600 1016 788 1075 Palaestinae
809 1014 947 1074 fidelibus
968 1015 1094 1074 fortasse
1114 1018 1257 1094 petierat:
1282 1019 1377 1075 Iusti-

272 1103 381 1159 nianus
403 1103 532 1159 instante
554 1102 608 1161 tali
635 1112 780 1183 tantoque
801 1105 865 1161 viro
888 1102 1021 1159 ecclesiis
1043 1119 1153 1177 negare
1174 1103 1288 1159 veritus
1310 1113 1375 1175 est3

271 1188 395 1267 reliquis
424 1189 544 1267 populis
573 1186 734 1245 concedere
759 1187 867 1246 notuit.
909 1188 974 1244 Hoc
1000 1196 1046 1245 est
1069 1184 1107 1243 de
1128 1205 1189 1265 quo
1210 1188 1376 1265 Procopius

271 1275 474 1353 conqueritur.
517 1274 583 1330 lma
606 1292 641 1329 ea
662 1274 727 1351 ipsa
749 1270 894 1329 tredecim
917 1273 1156 1329 centenariorum
1177 1274 1325 1345 remissio,
1348 1275 1376 1331 si

271 1378 342 1415 ctam
364 1359 445 1430 cleri,
468 1358 678 1432 ecclesiarum,
701 1367 730 1415 et
751 1358 1003 1416 monasteriorum
1023 1357 1211 1415 Palaestinae
1231 1359 1377 1416 multitu·

271 1441 341 1501 dine
365 1453 561 1521 comparetur,
584 1454 651 1520 post
673 1452 789 1500 tantam
810 1440 928 1499 cladem
947 1443 1075 1499 minima
1096 1453 1126 1499 et
1145 1461 1224 1519 pene
1245 1442 1376 1501 ridicula

269 1526 431 1586 videbitur.
473 1529 518 1585 De
534 1528 675 1605 seofigali
696 1528 732 1585 ab
755 1527 963 1586 ecclesiasticis
985 1530 1077 1585 etiam
1097 1527 1252 1606 persoluto
1274 1527 1375 1587 dicem

268 1614 364 1685 infra,
387 1610 425 1669 ad
447 1632 477 1689 p·
498 1617 558 1675 109.
579 1614 632 1669 lin.
656 1616 708 1675 81.

353 1699 387 1754 Ρ.
410 1701 461 1771 76,
488 1703 514 1759 1.
560 1696 595 1755 In
614 1698 744 1776 gentiles
763 1700 926 1757 soevitiam
947 1695 1112 1775 convertit]
1142 1697 1232 1756 Anno
1251 1700 1374 1777 irnperii

267 1800 324 1841 sno
344 1784 449 1855 tertio,
471 1780 634 1841 indictione
657 1794 779 1857 octava,
803 1794 837 1841 ut
858 1784 961 1841 scribit
981 1779 1202 1860 Theophanes,
1231 1782 1375 1863 incinere

268 1864 450 1945 dnicosteir
469 1864 675 1941 Ἰουστινιανὸς
689 1864 820 1948 drappis
841 1867 933 1950 μέγαν
954 1863 1030 1929 acroi
1049 1862 1221 1945 Ἑλλήνων,
1239 1866 1293 1929 sai
1312 1864 1375 1931 st·

268 1970 325 2030 σης
347 1950 502 2031 αἱρέσεως,
526 1951 577 2014 sui
597 1949 651 2025 cde
671 1948 786 2015 codron
803 1946 910 2027 aticiae
931 1948 1095 2033 ἐδήμευσεν
1115 1946 1244 2026 ἁπάσας.
1288 1955 1374 2012 Fecit

267 2037 462 2097 lastinianus
484 2039 648 2117 imperator
671 2042 907 2117 persecutionem
927 2058 1076 2117 magnoni
1097 2034 1248 2097 adversus
1271 2043 1375 2117 garti-

268 2122 337 2207 les„
357 2132 384 2179 et
413 2142 513 2180 omnes
536 2122 721 2196 haereticos,
753 2124 935 2204 illorumque
964 2122 1159 2181 substantias
1181 2124 1369 2202 publicavit.

266 2208 379 2265 Mirum
402 2228 474 2265 sane
502 2218 546 2266 est
572 2212 729 2287 primarios
758 2211 967 2287 imperatoriae
996 2208 1084 2267 aulae
1112 2211 1281 2288 principes,
1314 2208 1373 2269 hac

266 2292 328 2351 lata
361 2295 448 2371 lege,
484 2295 649 2371 gentilitiae
679 2296 899 2374 superstitionis
928 2313 996 2352 reos
1027 2304 1109 2351 actos
1140 2293 1245 2353 fuisse.
1290 2298 1373 2355 Inter

265 2375 343 2451 hos,
371 2388 406 2437 ut
426 2378 516 2436 refert
537 2376 722 2458 Hesychius,
752 2382 931 2459 Procopius,
952 2376 1173 2457 Theophanes,
1196 2391 1227 2438 et
1248 2381 1372 2458 Snidas,

265 2462 389 2520 fuerunt
422 2461 627 2521 Tribonianue
654 2476 813 2543 quaestor,
852 2464 982 2523 thomae
1007 2465 1157 2543 magister
1184 2465 1372 2546 officiorum,

266 2546 397 2607 Ioannes
419 2547 596 2626 praelietur
620 2552 797 2629 praetorio,
830 2560 862 2607 et
889 2548 1012 2607 Phocus
1036 2550 1194 2627 patricius
1224 2555 1373 2632 magister

264 2630 400 2689 militurn
430 2630 613 2693 conficiendo
641 2632 738 2694 codici
764 2654 784 2694 s
811 2636 978 2694 Iustiniana
1007 2635 1160 2713 praefecti.
1204 2638 1261 2695 His
1284 2637 1372 2698 addit

264 2712 469 2794 Theophanes
483 2716 735 2797 Asclepiodotum
751 2720 944 2799 praesectum
960 2723 1128 2799 praetorio,
1151 2720 1373 2783 Macedonium

264 2798 516 2880 referendarium,
537 2814 567 2861 et
585 2806 754 2883 Pegasiano
774 2804 1039 2884 Heliopolitanum
1055 2807 1237 2883 patricium.
1279 2810 1370 2870 Falso

264 2888 425 2947 Aimoiuus
447 2898 586 2947 numerat
606 2890 817 2949 Belieariums
837 2889 905 2969 lege
927 2908 1005 2970 quse
1027 2910 1116 2969 supra
1136 2902 1239 2951 narrat
1255 2896 1371 2954 Proca·
1410 2904 1415 2913 '

263 2974 333 3051 pins
363 2968 400 3030 de
421 2970 595 3034 Theodosio
623 2996 641 3034 s
669 2994 754 3035 sacro
782 2976 902 3035 larsem
928 2987 1068 3055 suscepto
1096 2975 1134 3035 ah
1155 2980 1310 3038 Antonine
1338 2990 1370 3040 st

262 3058 421 3117 Belisaric.
1325 3098 1333 3113 .

347 3143 383 3200 P.
401 3142 452 3217 76,
470 3142 501 3205 3.
547 3143 630 3205 Inter
650 3145 812 3224 libamina,
833 3157 863 3203 et
883 3146 1050 3227 sacrficia,
1069 3156 1163 3227 atque
1183 3148 1298 3227 impios
1318 3170 1369 3209 re-

263 3226 395 3305 ligiones
416 3226 592 3307 deprehensi
611 3230 704 3311 runt]
736 3233 800 3290 Hac
819 3231 944 3289 infamis
965 3242 1087 3291 notatur
1106 3233 1252 3308 serens,
1275 3253 1368 3315 quem

262 3314 352 3371 unice
374 3315 486 3371 amavit
508 3332 542 3373 ac
562 3315 638 3375 fovit
659 3314 823 3377 Theodora
842 3319 1030 3396 imperatrix.
1071 3320 1109 3375 In
1128 3338 1177 3397 ep.
1198 3318 1369 3381 monacho-

262 3416 332 3455 rum
353 3394 392 3455 ad
414 3400 545 3457 Menam.

347 3485 382 3540 P.
401 3486 452 3558 76,
474 3486 505 3547 4.
551 3486 637 3563 Quae
657 3506 727 3545 oero
749 3488 783 3545 in
806 3484 1001 3546 Christianos
1020 3488 1105 3565 ipim
1125 3489 1294 3566 comme'sit,
1316 3491 1367 3547 in·

252 3566 315 3646 sra
338 3565 455 3626 dicturi
475 3568 602 3647 sumus]
633 3570 747 3630 Saeviit
774 3572 867 3629 etiam
892 3573 925 3629 in
951 3570 1154 3647 Christianos3
1186 3571 1269 3655 quod
1293 3574 1366 3633 licet

260 3650 326 3727 hic,
350 3664 380 3712 et
402 3674 503 3713 rursus
524 3656 603 3713 infra
623 3676 655 3735 p·
681 3656 739 3719 115
761 3658 954 3737 polliceatur,
974 3661 1077 3718 nescio
1098 3667 1201 3717 temen
1223 3678 1262 3717 en
1284 3660 1366 3717 abli-

260 3739 349 3797 vione
370 3742 555 3820 promissum
576 3760 637 3799 non
658 3740 772 3801 iecerit.
816 3744 881 3801 Hoc
901 3752 1004 3801 antem
1031 3743 1097 3803 loco
1129 3744 1294 3824 (quantum
1314 3764 1366 3803 as·

259 3827 347 3903 sequi
378 3828 547 3884 coniectura
573 3824 748 3905 possumus)
777 3824 911 3886 dicturus
938 3839 1001 3887 erat
1022 3830 1188 3907 Procopius
1214 3828 1253 3889 de
1274 3827 1364 3888 chn-

260 3910 427 3967 stisuorum
448 3908 606 3986 caedibus,
633 3911 761 3991 aliisque
782 3914 938 3992 suppliciis
957 3913 996 3972 ob
1017 3916 1075 3973 tria
1095 3915 1210 3994 capita,
1236 3924 1268 3973 ct
1288 3916 1364 3973 siiss

260 4014 297 4053 eo
327 4002 462 4073 tempore
488 3996 753 4055 conncversas-de
775 3994 967 4075 dogmatibus
990 4001 1193 4080 quaestiones.
1234 3998 1273 4058 Id
1297 4004 1363 4080 ipse

169 4086 245 4142 seo
261 4080 425 4159 Procopius
446 4080 545 4139 innuit
571 4080 626 4139 lib.
647 4078 719 4141 hist.
742 4083 773 4145 8.
803 4082 836 4144 oi
857 4078 915 4165 γὰρ
943 4078 1029 4146 ditos
1052 4082 1085 4147 iv
1104 4078 1257 4167 Ἰλλυριοῖς
1281 4080 1364 4165 ἀμφὶ

259 4156 350 4225 no'iie
375 4156 553 4226 Odinsdocv
581 4164 725 4271 pandiae
754 4166 982 4269 incy-{nicene
1003 4165 1161 4252 διατριβήν
1183 4168 1271 4249 ἔσχον
1291 4166 1363 4232 ctri-

156 4254 246 4314 Ptit
264 4266 340 4322 σεως
366 4246 503 4313 ἐνταῦθα
529 4271 607 4332 προς
627 4254 690 4314 sris
711 4250 880 4334 oismooes
905 4250 1120 4337 γεγενημένης,
1146 4244 1247 4338 denec
1275 4253 1362 4319 tvae
