2959 4792
261 328 337 404 388
608 326 655 396 lli
679 325 791 395 lust.
813 325 1010 396 mutuati

259 502 432 581 potnerunt.
474 494 629 554 Praesenti
650 494 805 555 sanctione
824 493 1059 553 clementissima
1077 491 1244 575 principale
1267 492 1370 553 bene-

259 586 363 644 ficium
383 584 427 640 eis
448 582 504 643 sub
531 600 568 639 ea
587 582 656 659 lege
682 579 906 655 condonamus,
935 590 970 639 ut
997 580 1025 639 si
1052 578 1196 639 derelicta
1223 580 1306 637 mala
1335 589 1370 637 et

259 666 420 731 inhonesta
441 668 676 739 conversatione,
698 665 935 727 commodiorem
951 668 1047 724 ritem
1062 667 1224 746 amplexae
1241 665 1368 740 fuerint,

258 752 469 832 honestatique
490 770 557 812 sese
570 750 724 826 dederint,
745 753 835 811 liceat
856 754 899 810 eis
919 760 1023 811 nostro
1044 754 1213 832 supplicare
1234 752 1370 825 numini,

259 850 295 899 nt
316 838 434 897 divinos
455 835 561 896 affatus
582 840 647 897 sins
668 835 761 897 dubio
781 846 970 911 mereantur,
998 833 1039 894 ad
1059 836 1288 895 matrimonium
1314 854 1370 895 eas

260 926 364 986 venire
384 924 592 1004 permittentes
606 924 801 1001 legitimum:
824 925 880 997 iis,
910 925 964 1002 qui
990 924 1034 980 eis
1061 919 1263 1001 coniungendi
1285 930 1369 995 suut,

260 1010 346 1069 nullo
368 1012 475 1068 timore
494 1006 650 1082 tenendis,
672 1028 712 1069 ne
732 1010 817 1068 scitis
838 1010 1068 1088 praeteritarum
1085 1009 1191 1086 legum
1210 1006 1370 1064 infirmum

261 1114 328 1155 esse
349 1092 486 1153 videatur
504 1095 564 1152 tale
586 1097 779 1173 coniugium,
803 1093 859 1153 aed
879 1096 923 1151 ita
943 1091 1080 1153 validum
1099 1090 1275 1151 huiusmodi
1295 1112 1371 1171 per-

260 1199 383 1241 manere
411 1180 638 1238 matrimonium
667 1177 900 1253 conlidentibus,
936 1181 1023 1259 quasi
1051 1179 1137 1236 nulla
1167 1175 1370 1258 praecedente

260 1262 420 1325 inhonesta
441 1266 503 1321 vita
523 1283 635 1323 uxores
656 1284 706 1325 eas
723 1263 880 1323 duxerint:
902 1265 967 1321 aire
984 1262 1130 1341 dignitate
1147 1261 1276 1342 praediti
1295 1265 1370 1336 sint,

260 1354 326 1413 site
347 1352 407 1409 alio
427 1348 518 1409 modo
539 1351 671 1409 scenicas
693 1351 725 1408 iu
750 1351 978 1407 matrimonium
999 1347 1108 1409 ducere
1134 1344 1370 1427 prohibeantur3

262 1436 337 1496 dum
355 1446 458 1494 tamen
480 1432 628 1493 dotalibus
650 1433 825 1495 omnimodo
852 1435 1057 1493 instrumentis
1077 1452 1139 1493 non
1159 1436 1225 1491 sine
1246 1434 1369 1511 scriptis

260 1523 322 1583 tale
348 1520 490 1601 probetur
521 1522 706 1598 coniugium.
747 1522 826 1578 Nam
848 1521 932 1579 omni
954 1520 1072 1577 macule
1097 1522 1217 1598 penitus
1240 1517 1369 1596 direpta,

261 1618 293 1667 et
321 1607 407 1686 quasi
436 1607 499 1663 suis
525 1605 675 1664 natalibus
695 1602 873 1663 huiuamodi
894 1606 1072 1663 mulieribus
1098 1602 1239 1678 redditis,
1267 1622 1370 1682 neque

260 1691 444 1753 vocabulum
461 1687 657 1749 inhonestum
678 1692 721 1749 eis
742 1688 900 1749 inhaerere
921 1689 960 1748 de
980 1701 1098 1748 caetero
1110 1691 1281 1763 ¹volumus,
1310 1707 1371 1745 ue-

260 1796 321 1859 que
340 1774 540 1835 differentiam
558 1774 694 1855 aliquem
715 1794 766 1834 eas
784 1773 896 1833 habere
916 1794 986 1833 cum
1002 1778 1050 1849 iis,
1073 1792 1151 1855 quae
1169 1772 1249 1833 nihil
1267 1772 1371 1833 simile

259 1870 470 1943 peccaverunt.
513 1857 577 1919 Sed
605 1871 635 1918 st
663 1861 774 1919 liberos
800 1879 843 1918 ex
867 1860 922 1918 tali
943 1863 1135 1919 matrimonio
1155 1857 1369 1937 procreandos,

259 1966 333 2008 suos
355 1956 386 2005 et
411 1946 562 2024 legitimos
588 1946 667 2026 patri
688 1962 773 2005 esse:
799 1946 873 2004 licet
892 1946 968 2005 alios
990 1964 1030 2003 ex
1054 1948 1155 2023 priore
1174 1946 1370 2003 matrimonio

258 2032 413 2111 legitimos
433 2029 560 2089 hebeat:
582 2042 615 2089 ut
636 2031 715 2089 bona
736 2033 800 2089 eius
821 2041 886 2089 tam
907 2031 945 2088 ab
965 2032 1122 2104 intestato,
1144 2049 1237 2111 quam
1258 2050 1300 2087 ex
1319 2040 1372 2087 te-

259 2126 419 2191 stamento,
440 2118 493 2174 isti
512 2134 631 2197 quoqne
652 2119 717 2175 sine
739 2116 804 2174 ullo
823 2115 1041 2194 impedimento
1062 2118 1215 2194 percipere
1238 2118 1370 2194 possint.

259 2201 324 2264 Sed
353 2212 383 2261 at
412 2202 439 2261 si
464 2201 541 2261 tales
569 2202 712 2259 mulieres
741 2210 810 2280 post
837 2199 976 2259 divinum
1004 2204 1180 2280 rescriptum
1202 2198 1243 2258 ad
1261 2220 1370 2280 preces

260 2306 365 2347 earum
387 2284 510 2360 datiana,
540 2284 579 2345 ad
600 2288 828 2345 matrimonium
848 2289 950 2345 tenire
973 2282 1159 2360 distulerint,
1183 2287 1302 2346 salvam
1321 2288 1368 2343 eis

259 2372 459 2433 nihilominus
488 2374 745 2431 existimationem
771 2372 884 2431 serrari
913 2374 1116 2450 praecipimus
1143 2382 1208 2429 tam
1235 2374 1269 2429 in
1298 2372 1368 2429 aliis

261 2458 412 2531 omnibus,
434 2475 526 2537 quam
547 2454 586 2514 ad
602 2452 864 2515 transmittendam
883 2458 992 2536 quibua
1013 2458 1164 2515 voluerint
1185 2475 1271 2516 suam
1292 2457 1370 2515 aub-

260 2544 419 2616 stantiam,
451 2550 481 2599 et
509 2539 733 2621 suscipiendam
760 2551 980 2621 competentem
1006 2542 1066 2601 sibi
1091 2542 1209 2622 legibue
1233 2541 1271 2599 ab
1299 2543 1370 2601 aliis

261 2629 415 2700 relictam,
436 2626 485 2687 vel
506 2626 544 2684 ab
565 2629 706 2685 intestato
729 2624 859 2685 delatam
880 2623 1107 2687 haereditatem.
1150 2628 1274 2685 Similes
1295 2647 1369 2685 rero

259 2712 323 2773 tale
353 2711 539 2769 merentibus
571 2712 608 2769 ab
640 2714 820 2792 imperatore
852 2712 1031 2770 beneficium
1061 2713 1260 2787 mulieribus,
1297 2714 1369 2771 illas

260 2800 355 2856 etiam
382 2815 447 2856 esse
473 2796 633 2872 volumus,
665 2816 744 2877 quae
764 2794 943 2875 dignitatem
968 2798 1103 2878 aliquam
1122 2796 1254 2872 habent,
1283 2808 1314 2856 et
1341 2800 1371 2856 ai

260 2900 324 2943 non
352 2883 543 2941 serenissimo
565 2884 693 2962 principi
714 2881 965 2961 supplicaverint,
993 2884 1163 2942 ultroneam
1184 2894 1287 2941 tamen
1308 2882 1370 2943 do-

239 2968 415 3027 ¹natiouem
438 2978 507 3026 ante
535 2968 763 3025 matrimonium
782 2970 963 3041 meruerint,
994 2986 1035 3025 ex
1064 2988 1124 3047 qua
1145 2966 1306 3047 dignitate,
1337 2980 1370 3027 et

236 3054 355 3111 ·aliem
376 3056 467 3110 etiam
489 3072 611 3110 omnem
632 3052 801 3126 maculam,
828 3072 884 3131 per
905 3070 997 3133 quam
1015 3057 1102 3111 certia
1123 3051 1298 3112 hominibus
1317 3054 1370 3112 le-

262 3140 368 3217 gitime
392 3140 534 3215 coniungi
559 3138 701 3196 mulieres
722 3135 933 3217 prohibentur,
959 3137 1074 3197 aboleri
1093 3142 1215 3219 penitus
1236 3150 1369 3218 oportet.

261 3224 318 3281 llis
336 3221 414 3281 illud
436 3221 645 3300 adiungimus,
668 3230 702 3281 ut
722 3232 754 3280 et
773 3222 854 3281 filiae
874 3220 1050 3281 huiusmodi
1068 3224 1248 3307 mulierum,
1269 3228 1370 3306 siqui-

173 3311 250 3369 sto
266 3307 338 3368 dem
364 3316 433 3386 post
461 3312 710 3387 expurgationem
737 3310 845 3387 prioris
873 3310 953 3366 vitae
979 3310 1071 3367 moui
1091 3328 1165 3369 suae
1185 3322 1276 3370 natae
1296 3314 1370 3386 unt,

262 3412 324 3452 non
350 3390 509 3452 rideantur
536 3396 723 3451 scenicarum
750 3412 816 3452 esse
842 3393 939 3469 filiae,
969 3412 1026 3451 nec
1055 3394 1209 3453 subiacere
1236 3396 1368 3475 legibus,
1474 3403 1475 3412 ’

263 3496 341 3560 quae
368 3476 585 3557 prohibuenmt
610 3479 688 3537 filias
716 3482 903 3537 scenicarum
929 3489 1026 3537 certos
1047 3476 1186 3540 homines
1206 3482 1241 3538 in
1260 3483 1369 3539 matri-

261 3566 401 3623 monium
422 3561 542 3623 ducere.
584 3564 619 3623 Si
639 3584 711 3621 vero
733 3574 803 3621 ante
823 3574 994 3643 procreatae
1015 3566 1091 3638 aiut,
1118 3566 1209 3624 liceat
1230 3569 1275 3625 eis
1294 3587 1369 3647 pre·

262 3668 313 3708 ces
335 3646 527 3709 offerentibus
548 3650 747 3709 invictissimo
763 3651 892 3729 principi
905 3668 1026 3707 sacrum
1046 3652 1112 3709 eine
1128 3652 1282 3711 obstaculo
1303 3654 1368 3712 ullo

261 3738 371 3793 mereri
389 3736 583 3813 rescriptum,
611 3754 667 3814 per
688 3732 770 3815 quod
791 3736 835 3793 eis
854 3737 898 3792 ita
917 3734 1030 3793 nubere
1050 3740 1257 3815 pennittatur,
1280 3740 1369 3817 quasi

261 3838 324 3877 non
344 3821 405 3878 sint
425 3822 561 3879 acenicae
582 3822 687 3878 matris
710 3818 807 3877 filiae:
831 3838 889 3877 nec
911 3822 975 3877 iam
993 3818 1210 3898 prohibeantur
1229 3824 1291 3882 illis
1311 3842 1370 3882 oo-

259 3904 369 3983 palari,
392 3905 500 3983 quibua
522 3906 657 3964 scenicae
674 3904 762 3978 filias,
783 3904 835 3964 rel
855 3902 1020 3985 dignitatis,
1041 3909 1092 3965 rel
1112 3909 1237 3967 alterius
1258 3927 1369 3967 causae

260 3990 357 4067 gratia
381 4008 492 4047 uxorea
514 3988 622 4049 ducere
642 3988 848 4049 interdicitura
877 4002 912 4049 ut
931 4000 1036 4049 tamen
1056 3991 1232 4052 omnimodo
1253 3992 1369 4053 dotalia

259 4075 340 4131 iuter
361 4092 412 4130 eos
435 4075 526 4132 etiam
546 4078 745 4136 instrumenta
766 4074 969 4137 conficiantur.
1013 4074 1077 4135 Sed
1102 4088 1134 4136 et
1154 4080 1182 4137 si
1203 4098 1222 4136 a
1247 4080 1367 4137 scenica

259 4166 357 4215 matre
377 4168 545 4236 procreata,
575 4180 653 4242 quae
673 4180 770 4241 usque
792 4160 833 4219 ad
852 4172 981 4221 mortem
1001 4181 1088 4221 suam
1108 4165 1142 4221 in
1163 4161 1271 4223 eadem
1291 4184 1367 4244 pro-

259 4241 390 4300 fessione
418 4240 585 4321 duraverit,
615 4256 683 4327 post
710 4249 776 4307 eius
797 4247 914 4307 obitum
939 4266 1043 4326 preces
1067 4248 1279 4329 imperatoriae
1300 4250 1367 4309 ele-

259 4328 390 4387 mentiae
411 4328 561 4409 obtulerit,
584 4342 614 4393 at
634 4330 771 4393 divinam
788 4330 1012 4413 indulgentiam
1030 4337 1185 4411 memerit,
1205 4334 1367 4395 liberatio-
