2959 4792
288 338 365 415 ιιι
640 338 1036 447 mensnmcrnm

290 503 393 589 φῦσις.
435 502 756 591 strumentorum}
777 504 926 615 lys-reida,
952 508 1006 573 ive
1026 504 1069 590 μὴ
1091 506 1175 589 ἔσχεν
1194 504 1264 572 otto
1286 506 1395 589 φονία.

289 590 420 668 είιιοστδς
442 594 525 669 ἕκτος
543 590 637 673 φδνος
652 594 733 659 ἐστίν
755 593 775 659 o‘
794 617 955 677 μενομενος
977 595 1021 670 είς
1041 591 1076 657 et
1094 597 1213 677 ζεῦγμα.
1254 599 1296 680 τῇ
1314 618 1396 675 αρσι-

290 682 340 754 tae
366 674 505 762 ίθειῦρει,
536 679 588 742 ταί
613 684 653 787 vj
681 676 759 766 δήλφ
779 676 920 764 ductim,
952 672 1128 745 οίδέσιτοτα
1148 673 1284 743 πάντων.
1327 684 1398 741 BE-

292 770 392 829 NET.
413 762 486 839 τοῦς
500 772 605 841 φονεῖς
618 772 691 828 cion
706 770 763 830 τοῦ
784 769 907 830 σταδίου
921 764 1008 845 ῦμεῖς
1029 761 1116 846 μόνοι
1137 764 1223 845 ἔχετε.
1268 762 1397 829 ΠΡΑΣ.

289 845 365 913 πότε
386 844 425 913 ου’
447 845 578 931 σφῦζεις,
598 850 651 913 καί
672 845 856 933 ῦιτοδημεῖςς
898 856 1051 913 ΒΕΝΕΤ.
1073 847 1111 913 οῦ
1132 849 1165 913 δὲ
1185 844 1320 929 σφάξεις,
1340 848 1397 913 καί

290 937 442 1015 διακενῆς.
491 932 564 1011 τοῦς
592 942 698 1015 φονεῖς
736 934 794 1019 γῦρ
824 939 882 1000 τοῦ
911 938 1034 1000 σταδίου
1067 935 1156 1016 ῦμεῐς
1189 930 1280 1017 μόνοι
1307 934 1397 1015 ἔχετε.

196 1026 272 1085 hod
294 1025 415 1083 ΠΡΑΣ.
451 1019 579 1085 δέσποτα
609 1016 800 1085 Ἰουστινιανδ
828 1016 914 1085 αῦτοί
945 1026 1170 1105 παρακαλοῦσι,
1206 1019 1259 1084 καί
1292 1015 1397 1094 οῦδεὶς

291 1102 403 1181 αῦτοῦς
424 1102 561 1183 φονεῦει.
605 1101 963 1188 mutatiotiones.
1006 1104 1059 1171 νῦν
1080 1100 1258 1186 ξυίοιτοίίην
1277 1102 1331 1169 τδν
1352 1106 1396 1178 είς

290 1188 324 1256 sd
351 1195 461 1296 ζεῦγμα
487 1194 533 1267 τίς
559 1186 740 1269 ἐφόνευσεν,
770 1187 973 1301 αῦτοιιριίτοφς
1014 1196 1156 1256 ΜΑΝΔ.
1184 1190 1272 1271 ῦμτῖς
1301 1186 1396 1255 αῦτδτ

292 1276 484 1357 ἐφονευσατε.
535 1280 659 1341 ΠΡΛΣ.
685 1273 737 1341 τὸν
765 1274 834 1341 υίδν
861 1282 918 1341 τοῦ
946 1274 1120 1359 Ειιαγῦθου
1143 1277 1190 1351 τίς
1216 1272 1395 1355 δφῦνευσεν,

291 1358 499 1446 αῦτοιιροίτοο;
541 1367 678 1427 ΜΑΝΔ.
705 1362 759 1425 καὶ
786 1356 880 1426 αῦτδν
902 1361 990 1442 ῦμεῖς
1016 1357 1213 1442 ίφονεῦσατε,
1241 1359 1295 1424 καί
1324 1357 1396 1435 τοῦς

291 1448 440 1524 Βενίτους
459 1446 589 1511 nituere.
632 1452 756 1511 ΠΡΑΣ.
786 1446 854 1529 dou
872 1442 971 1529 Κῦριε
991 1448 1121 1529 ίίίησον.
1162 1446 1396 1528 τυμαννεῖτοιιή

291 1528 433 1615 ἀλήθεια.
477 1529 593 1614 ἤθελον
614 1528 776 1617 ῦντιβῦίαι
797 1540 861 1608 τοῖς
879 1532 1034 1616 λέγουσιν,
1056 1534 1089 1597 ίιι
1109 1537 1190 1596 θεοῦ
1210 1534 1396 1595 διοικεῖσθαι

291 1616 329 1683 τῦ
349 1614 517 1701 πράγματα.
558 1615 659 1683 πόθεν
680 1614 758 1699 αῦτη
778 1618 802 1699 η’
821 1620 979 1699 δυστυχίας
1029 1622 1167 1681 ΜΑΝΔ.
1197 1616 1217 1681 δ
1239 1613 1315 1692 θεὸς
1339 1640 1396 1678 ιια-

290 1708 356 1768 ncio
375 1698 562 1787 cincinnatos.
605 1708 729 1768 ΠΡΑΣ.
749 1701 822 1779 θεὸς
838 1708 942 1767 κακῶν
960 1698 1146 1786 ῦπιίραστος.
1180 1702 1234 1765 tud
1248 1704 1296 1777 τίς
1313 1700 1395 1765 ἐστίν

291 1786 312 1853 δ
339 1783 455 1853 ῦδιιιῦν
482 1810 535 1870 μες
565 1788 594 1852 εί
619 1784 792 1868 φιλόσοφός
819 1789 917 1867 ἐστιν,
943 1784 1138 1893 ἢίφημήτης
1162 1784 1220 1870 τήν
1245 1788 1396 1869 διαίρεσιν

291 1870 407 1939 sindon
434 1878 497 1938 τοῖν
524 1874 681 1957 ἑκατέρων.
737 1879 877 1937 ΜΑΝΔ.
903 1877 1098 1957 βλασφημοι,
1129 1872 1182 1937 sui
1201 1867 1395 1954 θεοχῦίιιτοι,

291 1958 348 2036 ἕως
373 1954 447 2025 πότε
476 1952 531 2041 οῦχ
557 1958 735 2041 ήσυχῦζετες
778 1963 902 2023 nm.
929 1955 969 2023 ῦν
993 1952 1195 2042 θεραπεῦεται
1222 1954 1258 2023 τδ
1284 1953 1396 2041 κρότος

291 2064 365 2118 σου,
388 2044 497 2128 σπίνω,
517 2046 569 2109 καί
592 2042 635 2126 μή
658 2044 759 2109 θέλων
780 2042 1002 2128 τμισιιῦγουστε.
1044 2040 1116 2120 ite,
1137 2040 1193 2109 δία
1213 2039 1301 2117 οίδα,
1321 2037 1396 2104 dud

293 2135 408 2195 crocci.
452 2126 549 2206 σοίζου
571 2132 656 2210 δίκη,
685 2124 786 2193 οῦιιίτι
807 2134 1000 2212 χρηματίζεις.
1044 2132 1229 2211 μεταβαίνειν,
1257 2126 1311 2191 καί
1328 2122 1396 2192 τότε

291 2215 448 2293 ίουδαίζω.
491 2221 605 2299 μᾶλλον
627 2214 661 2280 dd
682 2214 836 2298 ἓίίηνίσαι
856 2216 1017 2300 συμφέρει,
1043 2214 1097 2279 sui
1115 2212 1159 2298 μή
1184 2215 1352 2297 βενετίοαι,
1376 2211 1396 2278 o‘

290 2406 357 2445 cem
372 2386 532 2445 sabbatius
553 2404 614 2444 nou
634 2386 777 2461 venisset,
800 2396 879 2445 certe
894 2384 991 2444 filium
1010 2394 1042 2444 te
1062 2405 1125 2445 non
1145 2381 1303 2444 habuisset
1324 2403 1395 2443 san-

290 2474 473 2551 guinarirnn.
517 2472 611 2530 Sexta
633 2482 662 2529 et
683 2472 830 2550 vigesima
850 2491 932 2530 nunc
953 2469 1060 2531 caedes
1076 2470 1116 2529 ad
1129 2474 1266 2549 Zeugma
1278 2481 1394 2549 patrata

290 2567 346 2615 est.
390 2558 478 2614 Mane
505 2556 557 2615 ifle
578 2558 610 2614 in
631 2552 750 2617 theetro
777 2557 948 2637 spectabat3
976 2556 1033 2616 sub
1054 2576 1231 2637 vesperum,
1253 2574 1394 2635 supreme

288 2640 429 2716 domine,
457 2660 559 2700 caesus
581 2642 649 2701 fuit.
692 2644 824 2702 vtum.
850 2641 942 2723 Apud
964 2661 1018 2702 τοι
1040 2640 1188 2700 duntaxat
1210 2644 1394 2699 convenien-

288 2730 366 2785 tium
382 2729 415 2785 in
432 2726 529 2787 stadio
551 2738 621 2785 suut
641 2725 823 2787 homicidae.
865 2730 962 2788 Pnss.
984 2729 1035 2786 Tu
1056 2747 1126 2786 vero
1148 2730 1214 2785 sine
1235 2729 1392 2806 sanguine,

289 2810 410 2893 quando
432 2810 503 2871 hinc
526 2812 714 2873 abscessisti?
757 2816 834 2872 Vsn.
861 2815 914 2872 Tu
933 2813 1107 2871 veronulla
1129 2815 1222 2871 etiam
1243 2811 1281 2870 de
1305 2830 1393 2869 caiisa

288 2899 322 2955 in
344 2896 449 2955 caedes
470 2901 649 2977 prorumpis.
694 2902 773 2957 Nam
801 2897 882 2979 apud
904 2919 958 2958 vos
977 2902 1119 2978 inquam,
1150 2897 1300 2956 duntaxat
1322 2916 1393 2954 mn-

288 2986 476 3042 venientinm
490 2986 522 3041 in
538 2983 633 3042 stadio
649 2996 719 3043 sunt
732 2982 914 3043 homicidae.
955 2986 1054 3042 Pnss.
1076 2985 1205 3041 Domine
1216 2984 1391 3055 Iustiniane,

288 3068 340 3127 isti
361 3070 436 3127 alios
457 3071 589 3143 irritent,
614 3079 644 3127 et
666 3088 683 3127 a
701 3072 824 3127 nemine
844 3067 1041 3128 trucidantur.
1085 3072 1160 3143 Hoc,
1182 3072 1287 3148 etqui
1308 3068 1391 3139 nolit,

288 3154 447 3232 intelligit,
468 3164 550 3233 puto.
593 3156 723 3213 Fabrum
743 3156 907 3233 lignarium
928 3153 967 3212 ad
987 3156 1122 3233 Zeugma
1143 3157 1211 3235 quis
1231 3154 1392 3225 interfecit,

288 3237 506 3317 oimperstori
549 3240 656 3298 Manu.
678 3242 738 3300 Vos
751 3239 842 3298 illum
857 3239 1018 3299 occidistis.
1062 3243 1161 3299 Pans.
1183 3240 1298 3298 ninum
1312 3242 1393 3317 Epa-

288 3322 372 3403 gathi
395 3328 462 3405 quis
483 3326 652 3400 interemit,
679 3345 696 3383 o
724 3324 911 3405 imperatori
953 3328 1060 3383 Marto.
1088 3328 1129 3384 Et
1149 3325 1238 3383 illum
1260 3343 1333 3397 τους
1361 3326 1393 3380 in

287 3430 410 3468 causam
431 3430 501 3469 vero
515 3412 645 3469 Venetos
666 3408 795 3470 trahitis.
837 3415 936 3471 Pnns.
959 3414 1038 3469 Hem
1057 3409 1160 3485 modo,
1182 3412 1332 3489 propitius
1352 3410 1393 3466 sis

287 3492 377 3572 deus,
400 3504 434 3554 ut
455 3498 562 3555 veritas
582 3497 783 3555 conculcatur.
826 3498 908 3556 Pene
928 3515 1009 3553 nunc
1030 3498 1123 3555 velim
1145 3516 1215 3553 cum
1236 3498 1274 3553 iis
1296 3493 1392 3552 disse-

285 3600 360 3657 rere,
384 3584 437 3663 qui
453 3581 554 3639 divino
575 3592 651 3641 nutu
673 3602 720 3641 res
734 3580 882 3641 humanas
897 3582 1057 3660 gubernari
1070 3580 1264 3641 contendunt.
1307 3576 1392 3638 Unde

285 3664 362 3725 haec
383 3664 569 3726 infortunia‘i
605 3670 720 3727 'Marem
742 3670 824 3726 Deus
841 3671 1004 3726 intentator
1022 3667 1174 3725 malorum
1195 3676 1250 3725 est.
1293 3666 1391 3723 Pnss.
1476 3695 1477 3728 1

284 3754 330 3811 lta
357 3772 447 3826 sane,
479 3750 552 3811 deus
582 3754 733 3811 malorum
763 3763 808 3812 est
837 3756 1008 3811 intentator.
1052 3756 1093 3812 At
1120 3754 1187 3833 quis
1210 3753 1321 3808 iniuste
1342 3770 1391 3806 me
1476 3749 1477 3756 ’

285 3836 451 3916 opprimit?
490 3840 555 3916 Age
591 3841 727 3919 quisquis
757 3857 788 3898 es
817 3836 1033 3918 philosophus,
1064 3838 1115 3895 vel
1142 3838 1282 3895 eremita:
1319 3833 1391 3892 cedo

285 3924 440 4003 utriusque
463 3920 695 3983 distinctionem.
738 3926 846 3983 Minu.
868 3922 1053 4004 Blasphemi‚
1075 3925 1173 4002 impii,
1196 3918 1318 4003 quando
1336 3918 1392 3977 de·

285 4026 372 4064 mum
393 4006 574 4087 quiescetisi
616 4012 716 4069 Pnss.
742 4012 824 4068 Dum
840 4010 906 4079 ‚tibi
927 4013 1063 4088 Auguste
1087 4012 1224 4066 maxime
1244 4008 1287 4064 ita
1309 4004 1391 4063 cordi

286 4102 348 4165 est,
369 4094 419 4151 vel
439 4094 551 4151 invitus
575 4097 707 4173 quiesco.
752 4098 876 4169 Omnia,
900 4095 1020 4174 singula
1039 4097 1129 4170 novi,
1152 4104 1184 4151 at
1204 4093 1389 4153 obmutesco.
1476 4087 1477 4094 ¹

284 4178 401 4233 Iustitia
429 4176 507 4234 vale.
550 4181 656 4237 Nullus
683 4182 746 4238 ism
774 4182 830 4239 tibi
858 4182 942 4239 locus
972 4182 1106 4261 reliquus
1128 4190 1184 4238 est.
1229 4174 1391 4237 Discedam
1476 4227 1477 4230 ,

286 4258 375 4336 hinc,
399 4270 433 4319 ut
455 4262 578 4319 uomina
598 4262 718 4325 Iudaeis
741 4264 821 4324 dem.
864 4267 993 4325 Omnino
1021 4275 1152 4345 praestet
1179 4274 1210 4322 et
1229 4264 1391 4342 gentilium
1476 4321 1478 4346 ,

288 4346 392 4405 ritibus
413 4346 542 4424 initiari,
570 4348 701 4409 obtestor
722 4348 833 4428 deum,
861 4368 954 4431 qnam
983 4370 1053 4411 cnm
1074 4351 1196 4410 Venetis
1219 4350 1389 4409 convenire.
1476 4348 1478 4402 ἵ
