2959 4792
250 256 327 349 tro
598 276 645 345 ιιι
669 276 781 345 ursr.
804 276 1002 346 anorum

251 442 469 525 Hierosolymis
490 441 549 507 1.6
571 452 602 501 et
626 439 665 503 de
686 444 756 503 aliis
777 442 861 503 alibi.
903 444 984 523 Ergo
1004 442 1208 503 lustinienum
1226 451 1275 503 tot
1294 440 1360 503 dis-

251 532 372 611 oiplinis
407 538 545 589 ornatum
577 532 686 589 merito
715 527 934 589 Theodehatus
966 549 1024 588 rex
1051 527 1233 588 Gotthorum
1266 529 1360 588 modo

249 618 514 695 rapimtieee'mum
535 616 755 694 imperatorem,
775 614 866 674 modo
882 616 1056 694 principem
1074 612 1197 675 ιίοιιιιιι
1219 616 1361 693 appelle·

252 704 298 761 rit
318 698 399 781 apud
420 697 673 759 cusiodomml.
695 704 744 763 10.
766 703 835 760 Ver.
858 702 944 779 epist
965 704 1041 762 9et
1059 704 1112 763 22
1152 702 1195 757 Et
1210 698 1360 778 Agathino

252 787 286 847 in
318 787 471 867 prooemio
506 804 579 843 suae
614 785 798 845 collectionis
836 788 1105 866 epigrammatum,
1144 779 1220 847 titt
1256 788 1361 859 σοφοῦ

251 870 425 935 sotadeorum
447 864 599 950 ὁμιλήσεις
624 872 777 952 βασιλῆος.
819 873 885 929 Et'
877 892 911 929 ιιι
931 872 1134 930 remotissimo
1154 872 1361 949 manuscripto

254 953 320 1015 cod.
344 953 515 1018 Vnt-1342
541 956 614 1033 legi.
647 957 767 1033 Quinta
791 968 903 1014 cuncta
922 954 1055 1035 synodus
1080 955 1362 1035 Couetuntusopoli-

253 1052 331 1101 tana
351 1041 534 1119 temporibus
551 1040 720 1101 Iustiniani
745 1058 931 1101 nocrrssnu
957 1042 1162 1120 imperatorie.
1204 1042 1361 1101 Genuum

252 1128 412 1185 iustiniani
433 1126 524 1185 libros
544 1128 635 1206 paulo
656 1137 726 1185 ante
746 1128 981 1202 numeravimus,
1003 1137 1038 1184 ut
1055 1129 1171 1205 spurios
1188 1128 1361 1185 reiiciamua

252 1208 304 1270 hic
324 1211 408 1270 locus
427 1212 578 1290 postulare
599 1210 727 1271 ridetur.
770 1213 807 1270 In
828 1214 910 1270 calce
931 1210 1064 1271 chronici
1084 1214 1271 1271 (laminensis
1301 1214 1363 1271 cir·

252 1297 461 1355 cumi'eruutur
488 1298 608 1355 nomine
636 1298 796 1356 Iustiniani
823 1307 944 1356 notatae
973 1297 1118 1377 epistolae
1145 1295 1185 1354 ad
1211 1297 1362 1375 vigilium

252 1400 374 1461 pepam,
396 1379 435 1439 ad
456 1379 615 1439 Placidum
635 1393 810 1461 martyrem,
834 1393 864 1440 et
884 1383 1078 1462 privilegium
1093 1382 1267 1441 Cassiuensi
1281 1384 1361 1441 Coe-

251 1467 344 1526 uobio
372 1484 563 1538 concessum
591 1477 747 1545 praeterea
764 1464 944 1526 Theodorae
972 1467 1011 1525 ad
1037 1465 1168 1524 eundem
1188 1466 1360 1544 Placidum,

253 1562 284 1610 et
304 1552 408 1629 Vigilii
430 1548 469 1608 ad
487 1552 698 1625 lastinianum,
721 1561 753 1609 et
773 1554 895 1631 siquae
918 1552 994 1610 aliae
1013 1552 1059 1609 ibi
1079 1563 1150 1610 sunt
1166 1551 1362 1631 Pseudogor-

253 1634 338 1696 diani
365 1638 502 1709 litterae,
532 1636 584 1717 qui
603 1638 765 1695 Iustiniani
791 1638 877 1695 iussu
904 1640 1001 1695 sancti
1020 1636 1137 1695 Placidi
1165 1639 1263 1695 vitam
1283 1641 1362 1696 scri-

252 1724 350 1801 psisse
378 1740 411 1780 se
440 1722 594 1779 mentitur.
642 1722 672 1779 Is
700 1739 771 1798 ergo
797 1722 973 1780 Tertullum
999 1724 1159 1801 patricium
1187 1724 1363 1783 Romanurn

252 1807 413 1866 Iustiniani
434 1804 645 1886 ruodolphum,
667 1814 698 1864 et
718 1803 898 1865 Theodorae
912 1818 1087 1886 cognatum,
1107 1806 1270 1867 Placidum
1289 1829 1361 1867 vero

251 1894 411 1972 utriusque
432 1900 567 1969 nepotem
587 1900 683 1949 vocat.
726 1889 805 1963 oud
825 1893 963 1951 Tertullo
987 1912 1057 1950 cum
1076 1895 1241 1953 Iustiniana
1259 1893 1363 1952 Bede-

252 1978 337 2035 rinae
359 1986 429 2035 nato
450 1978 559 2035 Iustini
580 1976 727 2054 agricolae
748 1975 882 2058 nepotel
912 1975 991 2049 Quid
1011 1998 1081 2035 cum
1102 1975 1265 2037 Theodora
1289 2000 1362 2037 me-

252 2063 395 2121 retricula
415 2063 534 2121 scenica
551 2063 654 2120 Acaoii
671 2064 784 2121 Ursarii
803 2059 890 2121 fluet
918 2066 1015 2135 Quam
1033 2064 1160 2142 prolem,
1183 2083 1261 2143 quos
1281 2064 1362 2123 libe-

252 2166 302 2207 ros
323 2167 392 2207 suos
412 2149 596 2205 Iustinianus
618 2166 653 2205 ac
666 2145 828 2206 Theodora
848 2146 1017 2207 identidem
1036 2159 1284 2223 commemorant,
1306 2152 1363 2230 qui

253 2236 348 2293 sancti
371 2232 469 2292 Sabae
496 2232 635 2313 precibus
662 2252 702 2291 ne
728 2235 778 2292 vel
798 2254 895 2292 unum
916 2234 1051 2293 obtinere
1072 2235 1131 2292 sibi
1155 2254 1362 2295 successorem

149 2322 242 2381 Pili
253 2320 373 2397 imperii
394 2314 579 2397 potuerunti
610 2318 669 2390 Qui
694 2328 795 2398 potest
815 2321 942 2399 vigilius
971 2330 1003 2378 et
1025 2321 1148 2399 quintae
1172 2318 1283 2400 synodi
1302 2340 1362 2400 pa-

251 2414 314 2463 tres
335 2406 429 2462 vitam
446 2400 625 2462 Theodorae
646 2407 771 2482 precari,
793 2423 870 2486 quae
892 2408 989 2463 vitam
1010 2424 1080 2463 cum
1099 2416 1197 2465 morte
1219 2409 1363 2485 quintum

253 2491 317 2547 ism
338 2507 453 2547 annum
474 2498 542 2545 anta
565 2504 633 2545 eam
654 2487 805 2567 synodum
826 2488 1052 2549 commutarat?
1074 2489 1169 2549 Sedet
1189 2502 1294 2549 eutem
1306 2494 1364 2551 Vr-

253 2574 344 2653 gilius
368 2576 401 2633 iu
426 2592 461 2631 eo
483 2574 625 2649 concilio,
648 2571 687 2631 ad
709 2573 791 2655 quod
811 2594 868 2634 nec
889 2587 995 2656 sponte
1016 2578 1159 2650 accessit,
1188 2587 1220 2634 et
1239 2586 1363 2654 rogatus

251 2668 414 2717 venturum
441 2678 473 2716 aa
499 2656 645 2736 negavit‘l
675 2660 725 2717 Ex
752 2659 929 2738 patriarchis
950 2680 1028 2720 unus
1049 2663 1083 2719 iu
1109 2659 1217 2719 eadem
1246 2659 1365 2741 synodo

164 2750 187 2805 l
203 2750 239 2807 89
257 2742 354 2803 defuit
367 2741 549 2803 Erutochius
563 2744 871 2824 Hierosolymitanus3
890 2745 1173 2826 Pseudogordianus
1186 2747 1268 2805 male
1289 2767 1365 2805 cau-

252 2840 304 2889 tus
327 2849 397 2887 oum
418 2829 541 2908 reliquis
562 2828 696 2908 patribus
718 2850 790 2887 eum
810 2843 957 2906 numerat,
982 2834 1137 2891 Domuum
1159 2852 1231 2891 vero
1250 2835 1365 2899 Antio-

254 2912 395 2987 cheuum,
418 2916 471 2994 qui
493 2916 654 2973 conventui
672 2917 825 2990 intererat,
848 2916 993 2976 excludit.
1035 2919 1088 2975 Ait
1108 2918 1249 2997 epistolas
1268 2921 1365 2985 lusti-

252 3003 338 3059 niani
365 3012 395 3059 et
415 2997 595 3059 Theodorae
620 2993 665 3058 ud
691 2999 886 3059 Placidum
877 3022 910 3060 ιιι
937 3002 1075 3063 Siciliam
1102 3024 1156 3081 per
1177 3004 1365 3062 Belisariurn

252 3089 363 3145 missas
384 3086 477 3144 fuisse
500 3104 579 3146 anuo
606 3086 727 3164 imperii
751 3084 1045 3162 duodeuim03tum
978 3088 1186 3146 tumscilioet
1207 3108 1280 3146 cnm
1299 3091 1364 3147 Be-

252 3170 373 3230 liearius
394 3173 509 3229 Romae
532 3172 674 3249 witige,
697 3168 878 3252 Gotthisque
899 3172 965 3231 dira
985 3170 1142 3233 obsidione
1155 3174 1364 3251 premebatur.

252 3254 335 3328 Quid
356 3254 394 3313 de
415 3259 495 3315 notia
517 3257 686 3331 conandum,
709 3254 783 3337 quid
805 3256 843 3316 de
864 3260 938 3337 ipsis
959 3258 1132 3317 consulibua
1154 3253 1265 3334 dicam,
1290 3263 1365 3341 qui·

253 3341 311 3399 bus
333 3360 387 3399 aue
407 3341 524 3400 litterae
547 3344 736 3420 consignatae
759 3340 931 3402 habenturl
958 3345 996 3401 lu
1016 3340 1065 3402 his
1084 3341 1163 3401 nihil
1178 3345 1291 3423 integri
1310 3346 1365 3405 vel

252 3428 321 3486 rani
350 3436 404 3485 est.
447 3426 646 3505 Pririlegium
673 3428 901 3488 Cassinemihus
929 3426 1087 3487 monachis
1114 3426 1222 3488 datum
1249 3429 1365 3489 iisdem

252 3513 317 3571 illis
338 3512 607 3591 subscriptionibus
636 3510 826 3591 exploditur,
857 3514 966 3595 quibus
989 3516 1144 3573 munitum
1163 3512 1244 3572 illud
1263 3518 1364 3575 voluit

252 3595 546 3676 Pseudogordianus
588 3597 710 3657 Primus
731 3598 890 3659 subscribit
909 3601 1093 3658 lastinianus
1120 3618 1163 3658 ex
1183 3603 1277 3679 stirpe
1296 3604 1365 3661 Ae·

253 3681 362 3741 nenda.
406 3680 485 3755 Quid
513 3678 582 3741 aial
611 3684 673 3741 nisi
693 3682 784 3762 plane
805 3682 884 3741 nihil
903 3687 1001 3763 sapis,
1028 3704 1110 3745 rarn·
1116 3686 1257 3744 omnibns
1284 3688 1363 3745 scs-i·

252 3768 390 3846 ptoribus
410 3786 522 3829 novam
544 3776 574 3824 et
593 3767 684 3845 plane
706 3765 874 3827 inauditam
893 3788 1007 3830 naues.
1050 3768 1210 3829 Secrmdus
1226 3772 1362 3830 Iustinus

254 3853 374 3911 Caesar.
417 3854 618 3911 lastinianum
638 3854 789 3911 nullum
779 3855 901 3934 imperii
919 3851 1061 3913 habuisse
1082 3858 1201 3913 socium
1214 3858 1284 3936 quis
1303 3876 1363 3915 ne-

254 3936 336 3997 scit‘l
355 3957 427 4015 pur
433 3940 517 3996 curie
531 3940 663 3997 lustinus
684 3938 743 3997 fuit
763 3941 830 3997 seni
845 3940 909 3997 iam
929 3949 960 3997 et
978 3958 1057 4018 pene
1072 3938 1168 3999 deliro
1182 3943 1362 4017 lustinieno,

254 4020 310 4082 sed
332 4018 644 4102 diadematede'epurJ
666 4042 766 4103 neque
788 4024 853 4083 eius
872 4024 964 4098 filius,
985 4022 1041 4083 aed
1059 4024 1236 4085 lisslcissimi
1256 4038 1288 4086 et
1307 4030 1363 4087 vi·
1370 4023 1374 4030 ’

181 4162 185 4174 «
254 4107 406 4186 gilantiae.
448 4108 571 4167 Tertius
600 4106 810 4168 Theodericus
839 4128 897 4169 rex
923 4069 1118 4184 Gdtthorum,
1150 4114 1203 4191 qui
1232 4121 1303 4171 ante
1328 4110 1363 4171 id

254 4203 457 4271 tempusque
487 4190 593 4250 datum
620 4194 678 4252 fuit
704 4192 783 4251 illud
808 4195 1018 4275 privilegium,
1046 4197 1155 4275 viginti
1175 4205 1205 4255 et
1229 4199 1361 4277 amplius

180 4300 183 4309 ·
254 4295 349 4337 annos
371 4274 452 4334 diem
480 4276 605 4337 obierat.
647 4280 777 4353 Quartus
798 4280 980 4359 Belisarius,
1003 4282 1058 4363 qui
1077 4293 1146 4343 tunt
1165 4284 1298 4361 Rornae,
1328 4294 1362 4343 ut
