2959 4792
489 245 634 353 uorsa
659 246 882 315 mansum
1167 244 1244 319 407

136 420 210 470 ranst
229 410 264 469 in
289 407 484 469 OEristianos
504 408 638 471 eiusdem
659 414 813 488 civitatis,
836 421 866 470 et
885 408 999 471 multos
1019 412 1242 491 interfecerant,

135 506 166 553 et
196 496 339 555 ecclesias
371 496 608 558 combusserunt.
650 498 899 577 Stephanumque
920 495 1112 577 praeficiam
1143 500 1242 576 ipsius

135 579 223 640 urbe's
245 584 279 639 in
294 585 453 659 praetorio
470 595 676 663 peremerunt,
708 595 736 643 st
764 584 969 643 substantiam
995 585 1060 641 eius
1081 587 1240 663 surripue-

134 676 221 728 runt.
270 666 350 726 Uxor
372 687 439 727 vero
460 668 549 728 illisas
570 668 735 728 asoendens
758 666 804 727 ad
823 669 944 745 urbem,
970 666 1052 727 adiit
1073 670 1240 747 imperato-

133 771 214 829 rem,
242 754 298 831 qui
327 754 421 811 iussit
440 750 639 815 Adamantio
668 757 819 835 magistro
846 755 984 813 utilitum
1004 752 1178 813 descendere
1204 758 1239 814 in

132 837 349 897 Palaestinam
378 848 406 897 st
434 842 614 899 occisionem
642 844 796 919 exquirere
823 839 989 919 Stephani,
1017 851 1075 899 etc.
1116 843 1151 897 ln
1179 836 1238 899 hac

134 920 328 1001 expeditione
348 923 511 1003 imperator
532 924 817 999 fiaitAdamantius3
837 928 871 984 in
891 928 990 1005 priore
1010 926 1064 983 illa
1078 926 1237 985 Irenaeum

132 1006 299 1066 Pentadiae
313 1007 518 1089 Theophanes
529 1024 687 1085 memorat,
709 1012 840 1090 cyrillus
850 1008 1116 1090 Scythopolitanns
1129 1008 1236 1070 Theo-

133 1090 244 1151 dorum
265 1104 294 1152 et
314 1097 470 1155 loannem
514 1094 577 1156 Sed
597 1095 705 1171 huius,
733 1108 837 1176 utpote
866 1094 1004 1157 eiusdem
1034 1097 1139 1154 aetatis
1161 1097 1237 1154 scri-

132 1180 239 1257 ptoris,
259 1180 410 1259 integram
431 1179 535 1239 andire
556 1186 759 1241 narrationem
780 1192 926 1262 praestat,
955 1201 1047 1263 quam
1074 1202 1091 1239 e
1118 1182 1237 1260 scriptis

131 1266 285 1323 Vaticanis
305 1266 391 1325 libris
410 1265 623 1346 decerpsimus.
669 1268 710 1329 Oi
729 1291 805 1330 κατα
798 1264 1032 1368 Παλαιστίνην
1053 1270 1238 1371 Σαμαρεῖται

131 1344 167 1411 ιδ
189 1346 324 1423 ίθνος”
302 1373 385 1412 anau
401 1348 477 1414 κατοί
499 1356 561 1415 τιδν
578 1356 770 1455 Χριστιανῶν
790 1345 1022 1434 στρατεύσαντες
1041 1347 1138 1413 πολλὰ
1159 1345 1236 1413 tet·

131 1456 205 1513 μετα
225 1429 453 1514 διακρόξαντις,
472 1432 528 1511 τός
546 1433 603 1517 μίν
615 1432 820 1544 ἐμπιπτούσας
827 1436 998 1539 ἐκκλησίας
1010 1431 1234 1542 κραιδιόοντες,

130 1515 207 1593 τούς
227 1516 260 1581 δὲ
281 1522 506 1601 συμπίπτοντας
521 1519 723 1625 Χριστιανοός
743 1517 903 1604 διαφόροις
923 1516 1085 1586 κολόσεσιν
1100 1515 1236 1599 iusticie

131 1598 375 1683 ἀποκτείνοντες,
403 1606 455 1669 καί
483 1609 578 1707 χωρία
597 1601 748 1709 ὁλόκληρα
767 1612 809 1693 τῷ
835 1606 911 1690 copi
936 1601 1169 1710 παραδιδόντες,
1199 1605 1235 1669 ἐν

129 1695 197 1763 τοῖς
223 1684 351 1769 μόλιστα
378 1689 448 1774 περί
469 1688 625 1756 Νεόιτολιν
644 1686 765 1770 ιόιιοις,
788 1670 872 1756 ἔνθα
892 1686 1142 1798 τυραννήσοντες
1158 1690 1235 1753 ἔστι·

129 1788 201 1853 ψον
221 1772 340 1851 ἑαυτοῖς
359 1774 482 1856 βασιλία
499 1771 661 1843 Ἰουλιανόν
681 1802 750 1841 τινα
770 1774 925 1841 σόνεθνον
944 1771 1056 1839 νότιόν
1101 1772 1173 1839 Τότε
1194 1770 1236 1855 δη

130 1854 186 1923 τόν
213 1856 268 1961 μὲν
289 1860 454 1925 ίιιίσκοιιον
476 1858 658 1937 Νιατιόλιως
678 1867 838 1967 Σμμμιονοῖ
856 1860 1007 1939 κατίσφαξ
991 1865 1063 1939 ξαν,
1093 1858 1179 1935 τινός
1202 1856 1236 1923 tt

131 1938 351 2053 συλλαβόμενοι
370 1944 600 2055 πρεσβυτέρους,
620 1946 710 2011 καί
691 1943 820 2050 τρότους
837 1943 1066 2053 κατακόψμντες
1085 1938 1232 2028 δπιτηγό-
1249 1953 1339 2011 7361

130 2049 222 2093 νισαν
242 2026 315 2110 μετὰ
335 2027 491 2109 λειψάνων
506 2030 607 2137 όγίων
627 2027 798 2139 μαρτύριον,
818 2031 871 2095 καλ
891 2028 1130 2096 scatiscentes
1150 2027 1236 2093 δεινα

130 2136 349 2195 πεποιηκασιν,
376 2112 451 2181 τόντε
477 2113 532 2190 τός
553 2114 710 2219 βασιλικός
729 2123 824 2181 καλου
847 2115 917 2191 ἕνας
938 2112 1029 2189 δδους
1050 2109 1236 2221 όδιαβότορς

128 2204 196 2274 τοῖς
224 2204 416 2302 Χριστιανοῖς
445 2200 598 2308 γενέσθαι.
645 2196 768 2266 Totiens
835 2226 855 2265 ν
886 2197 1031 2265 ἁπάντων
1063 2194 1159 2274 είς’
1139 2196 1236 2275 cussie

128 2280 330 2349 εἰσελθόντων
349 2290 405 2350 τοῦ
427 2282 688 2367 εὐσεβεστάτου
663 2292 755 2369 ημῶν
775 2286 921 2391 βασιλέως
939 2281 1154 2350 ’ίουστινιανοδ
1173 2285 1234 2349 tus-

127 2366 288 2450 λτόδησαν
310 2366 466 2455 Θεόδωρος
485 2372 538 2435 καλ
557 2366 698 2452 larissae
726 2373 760 2436 οί
781 2368 970 2448 ἐνδοξότατοι
998 2366 1121 2452 στρατόν
1143 2388 1234 2433 ocsu-
1248 2382 1339 2443 Plan

127 2461 244 2541 μιῐραι,
272 2456 326 2519 καλ
345 2461 407 2520 τοῖν
428 2462 625 2565 Σαμαρειτιῖν
645 2461 917 2565 τατασιραιιιῖσαι,
938 2453 992 2520 καί
1013 2457 1166 2537 συμβολῆς
1186 2478 1234 2538 γε·

127 2539 262 2623 νομὲνης
281 2536 422 2627 ἇνηρέθη
442 2536 599 2618 Ἰουλιανός
618 2542 671 2607 καί
690 2547 812 2644 πλῆθρς
832 2538 911 2607 noto
932 2544 1137 2622 Σαμαρειτῶν.

216 2626 323 2704 1)·,76
347 2631 397 2693 10.
440 2630 673 2709 Designathue
692 2628 753 2689 sibi
774 2631 955 2730 imperatore
974 2625 1112 2705 Iuliana]
1138 2627 1235 2686 Sicuti

129 2714 298 2773 multarum
318 2714 456 2792 gentium
482 2734 500 2771 a
528 2735 561 2775 ss
577 2714 809 2817 profligatorum
828 2716 952 2773 nomina
973 2712 1032 2771 sibi
1051 2713 1235 2771 lastinianus

128 2800 247 2875 univit,
268 2802 311 2857 ita
332 2808 362 2857 et
383 2800 448 2857 eins
466 2802 596 2879 tyranni,
619 2809 653 2858 ut
673 2796 822 2860 habeam
843 2798 940 2858 edicto
961 2800 1107 2876 septimo,
1130 2800 1234 2876 imper.

131 2885 220 2949 Caes.
243 2884 331 2943 Flos.
351 2885 565 2964 lastinianus,
590 2884 732 2945 Alemcn.
765 2882 1131 2945 conterraneum
1156 2883 1234 2945 Ant.

129 2970 227 3033 Alae.
250 2966 351 3030 Vacat.
373 2969 457 3051 Affr.
499 2972 596 3048 Pius,
613 2970 703 3047 feisa,
725 2970 870 3048 insistas,
889 2971 998 3047 victor,
1017 2966 1236 3045 triumphator,

128 3076 246 3135 semper
265 3053 450 3133 Arignotus,
481 3054 636 3117 Iulianus.
678 3056 791 3113 Parnm
811 3052 870 3112 hoc
890 3049 1102 3112 animadvertit
1122 3054 1235 3110 ilenri-

129 3160 185 3201 ουτ
204 3140 375 3219 Agylaens,
402 3140 453 3199 vel
474 3142 611 3221 quisquis
632 3140 709 3199 alius
731 3138 771 3197 ad
791 3140 880 3197 illam
898 3138 1124 3217 inscriptionem
1143 3147 1234 3195 nota·

129 3228 194 3285 vit:
229 3222 321 3303 Quod
347 3224 490 3285 Iulianae
523 3224 573 3283 Isis
602 3221 769 3303 adiicitur,
799 3226 945 3284 vitiosum
971 3220 1233 3283 iudicialium

128 3308 341 3392 (quodmodo
362 3308 521 3390 succurrit)
549 3310 592 3369 ibi
612 3312 796 3369 lastinianus
817 3308 952 3370 rescribit
974 3309 1092 3367 Iuliano
1113 3308 1234 3385 praefe-

128 3408 179 3455 cto
199 3394 373 3476 praetorio‘i
404 3394 442 3453 de
470 3417 530 3477 quo
551 3414 608 3453 nos
636 3395 714 3453 infra
738 3393 779 3452 ad
806 3414 837 3473 p.
860 3398 912 3459 92.
955 3394 1095 3453 Octavios
1116 3412 1135 3449 a
1154 3394 1234 3451 Ros·

127 3483 206 3559 berg
226 3482 338 3561 profert
358 3479 448 3541 huius
469 3483 579 3540 Iuliani
595 3484 754 3562 antiqumn
770 3482 938 3554 nomisma3
960 3477 1016 3537 sed
1036 3478 1234 3550 allucinatur;

127 3586 203 3626 nam
222 3568 333 3626 loliani
353 3570 515 3646 Apostatae
542 3563 576 3624 id
605 3584 670 3626 esse
698 3586 769 3624 cnm
798 3566 914 3647 reliqua
939 3565 1041 3623 omnia
1071 3561 1233 3637 declarant,

128 3663 199 3711 tum
227 3670 332 3711 aversa
358 3652 549 3713 nomismatis
576 3651 668 3711 facies
697 3651 858 3729 gentilium
885 3649 1053 3709 simulacris
1079 3648 1232 3725 insignita,
1248 3659 1273 3716 Α
1290 3658 1324 3715 59

127 3748 163 3798 et
182 3748 289 3796 votnm
310 3730 442 3817 Qrbalae
466 3720 611 3797 tueritne
630 3756 665 3796 ac
685 3733 817 3795 Palladi
836 3742 1054 3813 nuncupatum.

215 3822 319 3896 P·75‚
345 3826 395 3889 17·
436 3824 604 3883 Exacticne
624 3822 710 3881 ιτιιίίο
730 3821 940 3880 humanitatis
958 3815 1049 3877 modo
1070 3817 1232 3896 imperata]

128 3911 199 3969 Non
219 3906 377 3968 dissimulo
392 3908 499 3989 cyrilli
511 3905 763 3988 scythopolitani,
786 3908 840 3987 qui
860 3903 936 3965 haec
955 3923 1034 3984 pene
1054 3900 1140 3977 vidit,
1160 3922 1234 3959 nar-

129 3996 281 4053 rationem
301 3994 391 4073 plane
413 3996 604 4054 connariam.
646 3996 675 4052 Is
698 3993 789 4051 refert
809 3993 925 4072 primae
945 3990 1150 4063 Palaestinae,
1178 3986 1232 4045 ubi

130 4080 328 4183 potissimum
347 4079 591 4140 Samaritarum
581 4080 711 4137 meursio
733 4076 929 4153 desaevierat,
949 4070 1068 4140 δυόδεκα
1087 4096 1233 4150 κιντηνα-

130 4164 209 4246 ρίιαν
229 4159 417 4245 σνγχοίρησιν
436 4158 616 4245 ίτιοιηοανιο
633 4164 801 4264 δημοσίων,
822 4160 984 4223 dnodecnn
994 4161 1235 4219 emissariorum

130 4269 168 4311 ex
182 4248 320 4331 publicis
341 4250 544 4333 vectigalibus
563 4251 768 4311 remissionem
783 4249 907 4329 fastam
916 4247 1038 4329 [unse.-
1058 4241 1235 4326 scythopoli

451 4464 463 4496 λ
