2959 4792
525 240 670 311 NOTAE
695 239 923 314 ALEMANNI.
1198 242 1278 317 429

60 410 64 415 '
168 412 259 473 clane
279 412 364 471 rum
381 418 436 471 sel.
477 406 557 467 liino
578 408 671 467 etiem
690 406 798 490 liquet,
819 406 991 487 oomplures
1009 408 1201 469 novellarum
1224 412 1278 469 lu-

167 498 307 573 stiniani,
337 514 412 577 quas
432 492 596 568 hebemus,
628 494 724 553 abeo
747 494 1029 574 oonsosiptesesse.
1071 495 1158 553 (lerte
1178 496 1277 571 illam,

167 601 277 665 quam,
304 584 436 641 instante
466 581 546 641 Saba
573 580 816 640 Palaestinomm
842 579 959 658 legato,
987 589 1091 639 contra
1113 580 1277 643 Samaritae

165 668 255 744 tulit,
277 670 362 727 ouius
383 668 417 725 iu
439 668 500 731 129
519 666 634 725 mentio
657 674 719 740 est,
752 683 823 723 oum
841 666 1029 724 Tribouieno
1051 668 1084 723 in
1105 666 1175 724 aula
1195 687 1278 725 nun·

166 764 276 835 eupata
296 770 463 831 magnaura
482 752 666 811 lastinianus
687 750 744 811 sub
765 748 874 809 herem
894 748 957 809 diei
976 752 1098 810 tertiam
1119 748 1277 829 sordebat,

165 850 201 898 ut
228 840 359 919 cyrillus
388 834 653 917 scythopolitanus
681 832 794 916 prodit.
842 836 889 893 lle
919 856 1048 898 numero
1083 846 1114 895 et
1142 835 1277 898 editione

164 926 325 983 lastiniani
353 924 542 982 novellarum
569 919 628 981 hoo
653 920 859 980 iurisoonsulti
878 918 1031 981 scholium
1058 922 1091 981 in
1112 923 1193 981 oeloe
1219 926 1278 1003 τῆς

166 1003 315 1091 lirinense
335 1010 444 1089 βίβλον
466 1011 530 1071 τοῖν
551 1008 717 1088 βασιλικῶν
738 1007 813 1086 legi·
856 1001 981 1089 11ρῆδὸ
1002 1005 1116 1071 aldim
1136 1002 1184 1072 des
1203 1006 1276 1072 iso-

165 1090 218 1158 τὸν
239 1088 385 1173 ἑξήκοντα
408 1088 488 1157 ὅντιν’
508 1090 616 1175 scepei
639 1089 846 1172 αννετὲθησαν
869 1087 953 1173 παρὰ
976 1097 1033 1157 τοῦ
1050 1086 1275 1157 'lesmorensem

165 1176 199 1256 ii
226 1173 328 1243 sisois
357 1174 461 1243 ἓνανὸν
488 1170 709 1261 τεσσαράκοντα
729 1178 785 1258 μία
805 1175 956 1256 oleoso
976 1176 1020 1252 eir
1038 1173 1112 1253 sodo
1131 1174 1276 1261 προσφό-

166 1286 241 1345 αανς
268 1265 386 1339 titione
412 1267 475 1327 sois
501 1258 647 1342 ἑξήκοντα
674 1265 840 1344 βασιλικόν
865 1264 1004 1344 βιβλίων.
1051 1263 1088 1327 α1
1109 1260 1143 1326 δὲ
1170 1263 1274 1328 iomal

166 1346 241 1413 aad
268 1348 322 1411 sol
348 1349 444 1413 εἴκοσι
469 1342 766 1431 rememoravimus,
796 1344 895 1429 ἤγουν
923 1372 951 1410 α.
973 1350 1004 1429 β.
1028 1372 1053 1421 ς.
1076 1350 1099 1424 ξ.
1121 1356 1157 1411 θ.
1179 1374 1221 1412 so.
1241 1372 1274 1431 ρ.

164 1458 215 1516 μς.
235 1458 265 1497 ν.
287 1435 335 1497 νδ.
357 1456 400 1498 να.
422 1455 469 1505 νς.
489 1456 538 1511 νη.
561 1435 606 1513 ξη.
629 1434 674 1497 od·
696 1456 738 1499 os.
760 1456 805 1506 ος.
828 1439 880 1497 αθ.
902 1456 954 1515 ser.
977 1434 1029 1497 ui.
1061 1456 1109 1514 ςη.
1136 1456 1182 1512 ας.
1211 1438 1274 1517 psi.

164 1526 236 1601 ρννθ.
254 1522 312 1603 pit.
336 1542 386 1599 pp.
408 1542 459 1599 μα.
501 1522 590 1577 Hune
610 1538 773 1579 numerum
797 1520 825 1577 si
846 1536 917 1577 oum
937 1517 1026 1579 editis
1047 1521 1177 1579 novellis
1198 1541 1275 1579 oon·

162 1606 254 1681 feras,
275 1605 373 1665 multo
389 1605 492 1685 plures
506 1606 706 1665 lastinianum
725 1605 880 1684 scripsisse
894 1607 1043 1665 invenies.
1084 1608 1273 1685 Argumento

163 1692 225 1749 sint
247 1710 310 1766 eae,
334 1710 409 1771 quas
431 1687 541 1749 eruditi
561 1691 768 1750 iurisconsulti
787 1709 885 1769 nuper
905 1689 1111 1766 offenderunt,
1136 1710 1274 1773 quasque

163 1794 221 1835 nos
250 1778 361 1856 partim
387 1768 457 1838 κατ’
478 1770 638 1856 meropis,
668 1780 781 1856 partim
801 1778 934 1853 integras
962 1776 1094 1855 legimus
1114 1780 1147 1835 iu
1167 1776 1273 1837 oodice

163 1864 307 1923 Vaticano
329 1862 549 1941 manuscripto,
572 1880 613 1918 ex
635 1879 696 1941 quo
716 1863 896 1941 rescriptum
916 1859 995 1919 illud
1017 1861 1056 1920 ad
1077 1882 1183 1923 omnes
1205 1866 1274 1941 epi-.

163 1966 270 2027 soopos
301 1944 339 2005 de
366 1948 552 2006 scenicarum
580 1948 693 2024 nuptiis
722 1942 943 2026 deoerpsimus,
974 1944 1057 2025 quod
1080 1966 1172 2027 supro
1202 1966 1274 2007 oum

162 2033 272 2093 lustini
301 2033 512 2102 eonstitutioue
541 2032 687 2089 collatum
713 2032 805 2111 primi
831 2032 1033 2109 vulgavimus.
1084 2031 1172 2105 Quod
1199 2053 1273 2094 rere

162 2137 225 2179 non
248 2120 372 2177 omnino
393 2126 514 2197 oompte
535 2118 693 2175 Iustiniani
715 2128 795 2177 esset
816 2118 929 2191 oratio,
956 2113 1013 2176 sed
1032 2116 1158 2177 barbare
1178 2136 1274 2179 sona-

161 2213 219 2279 ret,
242 2201 276 2263 id
292 2200 456 2284 aliquando
473 2199 699 2283 deprehendere
721 2213 768 2264 est
783 2204 819 2262 iu
837 2204 977 2277 novellis,
999 2221 1185 2285 quemquam
1201 2224 1274 2263 em·

163 2286 245 2349 ditae
266 2290 381 2370 alioqui
401 2291 480 2364 sint,
510 2285 649 2369 nihilque
672 2291 772 2367 magis
798 2298 830 2348 te
856 2288 890 2345 iu
913 2289 976 2347 illis
999 2288 1148 2367 offendat,
1178 2308 1274 2372 quam

161 2375 289 2437 verbosa
310 2375 475 2449 sententia,
498 2382 529 2433 et
549 2392 623 2434 sane
644 2376 812 2433 Asiaticum
830 2370 952 2433 dioeudi
971 2392 1078 2452 genus.

246 2462 283 2520 Ρ.
305 2462 364 2535 88,
387 2464 419 2525 8.
466 2458 571 2519 Turba
582 2459 734 2539 sreqsurse
753 2458 915 2539 complevit
935 2458 1091 2539 tribuual]
1120 2462 1200 2519 Nam
1218 2462 1274 2521 Iu·

162 2546 310 2605 stininnus
332 2545 391 2605 sibi
411 2545 592 2625 plerumque
613 2546 754 2605 sumebat
769 2563 881 2605 munus
898 2562 961 2604 non
977 2546 1077 2605 solum
1094 2549 1273 2625 quaestoris,

162 2642 197 2689 ut
218 2628 315 2707 dixit,
337 2627 393 2691 sed
414 2633 506 2689 etiam
525 2627 678 2705 iudicum,
700 2642 791 2711 atque
811 2648 867 2710 pro
888 2630 1033 2689 nibunali
1053 2628 1193 2706 sedebat,
1216 2650 1273 2689 au-

162 2714 325 2798 diebatque
354 2717 524 2795 litigantes,
553 2725 583 2775 et
612 2720 776 2776 sententias
802 2715 930 2775 ferebat.
976 2719 1042 2776 lloo
1068 2718 1135 2795 ipse
1161 2715 1272 2775 diserte

160 2812 263 2861 narrat
290 2802 412 2862 novelle
432 2804 485 2867 88.
518 2803 621 2861 Litem
646 2822 744 2881 nuper
769 2799 971 2861 audientibus
998 2799 1087 2860 nobis
1112 2799 1168 2883 (isi
1188 2798 1276 2884 quod

155 2886 280 3032 &aa
299 2890 334 2947 irs
354 2888 441 2967 regia
450 2906 617 3035 ἦιανῶηοη
627 2886 789 3037 saoimqlsg
811 2895 882 2945 orla
902 2897 947 2945 ess
966 2890 1191 2968 controversia,
1213 2898 1270 2947 eto.
1287 2890 1311 2948 P
1330 2894 1381 2951 117

187 2992 200 3031 1
221 2992 238 3031 e
260 2973 352 3031 etiam
371 2991 449 3031 nove
577 2973 663 3031 initio
697 2982 728 3031 et
790 3010 800 3030 .

245 3060 282 3117 P.
306 3060 365 3132 89,
386 3059 417 3119 2.
467 3058 535 3135 aa,
556 3016 729 3137 dequibus
750 3052 968 3117 consulendum
989 3067 1083 3135 emes,
1104 3056 1272 3135 imperator

161 3162 201 3203 ae
226 3142 384 3203 modom
404 3140 466 3200 sihi
484 3141 652 3223 summm]
681 3146 869 3222 Mgumeuto
890 3144 932 3202 sit
959 3153 1065 3201 ootara
1086 3143 1270 3217 eonstitutio,

161 3230 333 3309 quaelicet
355 3225 393 3287 de
414 3248 447 3287 re
467 3229 645 3306 gravissima
669 3230 727 3303 sit,
756 3248 820 3289 non
841 3229 1023 3287 sententiam
1045 3238 1185 3304 senatus,
1213 3225 1271 3287 sed

160 3316 252 3379 unius
272 3311 454 3373 Theodorus
476 3332 597 3393 rogasse
618 3334 651 3373 se
672 3316 857 3373 lastinianus
878 3314 1019 3374 affirmat.
1060 3314 1150 3373 Haeo
1165 3314 1271 3373 omnio

159 3396 251 3479 apud
268 3420 325 3457 noa
345 3401 524 3479 cogitantes,
545 3410 574 3457 el
593 3397 646 3459 isio
666 3420 787 3480 quoque
800 3400 987 3479 participem
1007 3398 1132 3458 consilii
1151 3418 1272 3458 sumen·

159 3496 205 3543 les
226 3505 303 3560 sam,
325 3504 406 3565 quae
421 3481 602 3545 adeodata
620 3494 664 3544 ssl
683 3484 774 3545 mobis
781 3486 962 3565 piissimam
976 3486 1147 3566 onningen&
1187 3486 1271 3565 nege
1287 3495 1313 3550 Δ
1328 3495 1366 3552 ts

160 3588 240 3652 quoe
261 3590 352 3650 supra
372 3572 543 3630 notavimus
566 3567 606 3629 ad
624 3590 657 3649 p.
673 3567 727 3636 47.

245 3656 283 3714 Ρ.
297 3658 349 3730 89,
374 3656 426 3719 11.
469 3652 701 3733 Refermdariis
720 3656 774 3714 vis
794 3664 861 3715 erut
879 3654 968 3714 loeus
987 3663 1178 3735 opportunus
1197 3674 1273 3734 sup.

153 3739 280 3821 plieum
293 3740 415 3801 libellos
431 3740 559 3801 Caesari
571 3738 784 3820 ministrandi]
805 3739 900 3814 Quale
922 3742 982 3800 tuit
1001 3738 1273 3799 referendariormn

159 3844 273 3887 munus
297 3826 440 3906 explicat.
483 3828 531 3885 lin
553 3826 609 3885 tibi
630 3846 727 3887 unum
749 3844 790 3885 ex
809 3802 969 3886 lastiniani
993 3825 1203 3885 referendariis
1232 3825 1273 3885 ob

159 3912 264 3971 oeulos
292 3912 435 3992 ponimus
461 3930 551 3972 suum
578 3930 689 3973 munus
723 3921 927 3993 exequentem
954 3914 987 3970 in
1021 3909 1138 3992 synodo
1166 3912 1273 3993 quinta

160 3996 319 4058 Constant.
341 4006 398 4056 aot.
423 3997 453 4060 1.
486 3995 662 4057 Theodorus
682 4000 921 4077 circumspectus
940 3996 1097 4075 tribunus,
1117 3999 1271 4073 notorius,

160 4093 190 4141 sl
210 4079 437 4161 referendarius
454 4085 595 4162 piissimi
614 4086 658 4144 D.
681 4084 723 4144 N.
739 4081 829 4147 dixit.
870 4086 1051 4143 Praesentss
1070 4082 1271 4145 venantius-

160 4169 235 4227 simi
255 4166 400 4227 monnoisi
420 4170 656 4248 supplicationes
671 4180 873 4251 porrexerunt
892 4166 1104 4247 divinissimo,
1130 4189 1169 4228 uo
1189 4187 1271 4226 sers-

158 4256 305 4333 nissimo,
332 4264 361 4313 et
380 4254 633 4317 simrimmimo
649 4258 831 4339 imperatore·
850 4266 972 4333 nostro,
999 4266 1029 4318 sl
1049 4257 1137 4336 ipsas
1155 4252 1271 4315 emili
