2959 4792
557 228 702 301 notan
726 228 949 299 stantum
1228 228 1305 303 445

198 398 302 457 solum
319 392 435 477 prodeo
457 397 492 457 in
512 395 626 469 urbem,
646 416 716 456 oum
736 394 872 457 bardoni
891 391 1019 477 insideo,
1039 396 1171 476 utinm,
1191 395 1305 480 Auges-

197 494 244 544 ste
264 487 409 560 maxime,
431 503 468 541 rse
487 494 555 543 tum
577 480 709 561 quidem.
795 523 798 528 ι

282 571 319 627 Ρ.
337 570 409 642 116,
430 573 462 633 2.
504 569 685 648 Praefectus
707 564 807 646 urbis]
831 568 886 625 Est
909 566 942 624 in
961 567 1085 641 Graeco,
1107 564 1131 647 ef
1151 558 1196 651 ἰῷ
1215 560 1306 654 δήμῳ

197 651 356 733 durcasino
383 646 478 735 α’ρχή,
509 656 713 733 magistratus
729 652 815 731 plebi
830 652 1017 731 praefectus.
1060 650 1147 725 Quod
1174 674 1246 713 vero
1270 657 1305 713 in

196 739 272 797 arbe
293 758 417 798 omnem
440 741 648 819 quaestionem
669 736 810 810 haberet,
836 739 1022 796 lastinianus
1041 740 1161 797 vocavit
1179 744 1306 821 πολιορ-

196 825 278 904 χὶοιν.
319 825 437 883 Novell.
461 829 500 888 13
523 834 553 882 et
572 826 716 883 Leontius
736 824 770 880 in
793 823 971 901 epigramm.
993 824 1058 884 Καί
1078 843 1111 886 οε
1132 821 1209 901 copi
1229 847 1306 888 nro-

196 910 299 988 λίορχο
326 902 439 991 γράφει
464 903 621 990 γαβριήλιο
647 906 747 989 τέχνη.
789 906 898 966 eadem
919 910 1034 966 ratione
1056 908 1109 967 alii
1129 914 1305 989 πολιοῦχον.

195 994 380 1053 lastinianus
401 992 515 1053 ibidem
535 992 663 1075 ἔπαρχον
685 997 740 1072 τῆς
761 986 888 1063 πόλεως.
931 992 983 1051 Sic
1005 996 1120 1071 passim
1142 992 1305 1073 distingui·

196 1090 248 1137 tar
276 1079 313 1136 ab
341 1077 475 1159 ἐπάρχου
496 1082 559 1139 τοῖν
580 1079 781 1158 πραιτωρίων.
824 1078 1009 1156 Saepissime
1030 1098 1102 1139 vero
1122 1100 1179 1160 per
1198 1081 1305 1140 excel-

196 1164 323 1223 lentiam
344 1162 512 1243 ἔπαρχοςό
534 1162 620 1221 bonis
642 1163 795 1221 autoribus
817 1164 996 1243 appellatur.

281 1250 316 1307 P.
343 1249 419 1322 116,
447 1250 478 1311 4.
532 1249 657 1305 Horum
683 1249 815 1306 adesum
837 1260 1010 1327 praetorem
1032 1247 1133 1327 plebis
1160 1246 1303 1327 vocavit]

195 1334 294 1408 Quem
320 1334 450 1392 Romani
476 1344 664 1412 praetorem,
699 1335 763 1393 sire
792 1334 977 1413 praefectum
1002 1334 1165 1413 Vigilium,
1194 1336 1303 1393 Graeci

195 1416 410 1497 ννκτέπαρχον.
453 1417 586 1477 Cassiod.
613 1420 636 1478 l.
657 1421 688 1481 7.
724 1420 794 1479 var.
822 1422 909 1498 epist.
936 1422 967 1482 7.
1009 1421 1055 1477 De
1082 1417 1172 1477 huius
1200 1423 1302 1497 magi-

195 1514 305 1565 stratus
323 1505 510 1561 institutione
527 1514 590 1561 erat
610 1503 722 1562 novell.
739 1506 770 1565 3.
813 1506 892 1562 Ante
907 1506 1065 1564 lastiniani
1086 1514 1222 1583 tempora
1243 1526 1301 1564 cu-

195 1608 278 1661 ram,
303 1608 380 1670 qaae
403 1592 533 1667 praetori
553 1588 651 1668 plebis
672 1584 887 1664 demandatur,
909 1600 1066 1668 gesserunt
1086 1592 1300 1669 vicomagistri,

196 1685 227 1733 et
254 1674 422 1752 collegiati,
445 1675 504 1754 ¹qui
529 1674 657 1752 singulis
686 1674 769 1732 urbis
791 1675 929 1753 Byzantii
955 1675 1127 1754 regionibus
1154 1666 1300 1756 praefecti

195 1770 296 1835 erant,
323 1771 358 1817 nt
384 1767 470 1817 autor
498 1756 705 1838 descriptionis
721 1760 1002 1840 'Constantinopolis
1028 1759 1152 1819 indicat.
1197 1761 1302 1820 Colle-

193 1846 292 1927 giati,
320 1845 376 1924 qui
404 1862 438 1902 ss
458 1841 589 1903 diuersis
610 1843 790 1924 corporibus
815 1842 955 1904 ordinati
973 1845 1185 1905 incendiorum
1203 1848 1302 1905 solent

195 1930 323 1989 casibus
351 1928 519 1991 subvenire.
566 1928 805 2009 Vscomagistri,
828 1930 943 2010 queius
954 1952 1014 2009 per
1032 1942 1149 1990 noctem
1169 1929 1302 1991 tuendae

195 2016 283 2076 urbis
303 2036 381 2074 cura
398 2012 553 2075 mandata
570 2024 624 2077 est.
665 2017 730 2075 Hos
750 2017 866 2096 primus
885 2017 1050 2095 Augustas,
1072 2028 1108 2076 ut
1127 2016 1301 2093 Suetonius,

196 2103 240 2160 ait
275 2101 418 2160 instimit.

245 2145 256 2180 '
280 2187 317 2244 P.
336 2189 413 2259 116,
434 2183 467 2249 6.
511 2185 654 2245 Alterum
682 2184 905 2268 quaesitorem]
935 2184 1085 2247 Antonius
1111 2188 1300 2267 Augustinus

195 2268 237 2332 sd
256 2272 368 2332 novell.
384 2270 426 2333 80
446 2290 501 2351 prc
518 2274 689 2353 quaesitore
708 2270 874 2351 legendam
892 2283 993 2332 censet
1015 2283 1215 2352 quaestorem.
1259 2275 1301 2333 Et

194 2358 322 2418 lacobus
347 2357 486 2416 Guiacius
516 2377 534 2415 a
560 2367 718 2437 quaestore
744 2358 877 2438 palatii,
911 2368 941 2417 et
969 2368 1128 2437 quaestore
1155 2360 1301 2418 exercitus

194 2440 278 2503 hano
306 2444 413 2501 nititur
442 2441 635 2521 distinguere.
677 2446 738 2505 Nos
766 2446 945 2502 retinuimus
974 2440 1114 2503 codicum
1137 2445 1300 2503 Vaticano-

194 2548 264 2588 ram
283 2530 446 2587 lectionem
467 2529 676 2609 Kvatoisaqu,
704 2530 754 2586 cni
774 2530 909 2589 lulianus
929 2531 1110 2588 Antecessor
1130 2528 1299 2609 adstipula-

194 2624 245 2673 tur
265 2614 378 2673 novell.
399 2612 451 2677 74.
495 2615 571 2671 Rern
597 2616 662 2694 ipse
691 2616 874 2674 lastinianus
903 2617 1013 2673 evincit
1039 2613 1151 2674 novell.
1173 2618 1225 2679 80.
1252 2617 1299 2700 Pp

195 2697 252 2780 piu
273 2692 331 2761 ode
353 2691 432 2782 οἲρχῇ
453 2696 506 2760 soi
526 2703 568 2759 sni
587 2693 702 2777 ταύτην
722 2694 987 2781 παραλαμβάνοντι
1007 2695 1041 2762 si
1060 2703 1117 2762 cosi
1143 2702 1298 2781 quaesito·

194 2786 236 2844 ris
263 2783 437 2863 ἒπιτίθεμεν
457 2780 560 2863 ὄνομα.
602 2806 700 2860 ουτως
719 2808 777 2867 χορ
801 2786 839 2865 δη
860 2785 911 2848 sui
932 2786 965 2848 oi
990 2780 1047 2864 τήν
1068 2778 1166 2865 doxis
1187 2779 1297 2866 eripiu-

193 2892 259 2945 τες,
290 2864 391 2949 φαμὲν
418 2864 457 2949 δή
487 2868 540 2930 sui
568 2866 603 2932 iv
629 2874 694 2942 τοῖς
721 2867 786 2932 isto
812 2864 932 2950 χρόνοις
957 2863 1140 2948 Ἐρεννοὶδας
1166 2866 1297 2933 ἐκάλουν

192 2950 265 3028 τούς
293 2953 324 3028 ἐς
348 2946 462 3031 ταύτην
490 2948 735 3033 insecucutione
760 2950 817 3034 τήν
843 2947 958 3035 τάξιν.
981 2957 1068 3013 Huic
1094 2976 1164 3034 ergo
1190 2958 1296 3034 magi·

193 3042 326 3118 stratui,
349 3050 378 3098 et
398 3040 490 3098 iilum
511 3042 678 3118 capessenti
698 3043 883 3119 quaesitoris
901 3062 1008 3099 nomen
1028 3042 1227 3121 imponimus,
1249 3033 1323 3099 sic*

193 3128 273 3185 enim
300 3126 354 3205 qui
380 3124 464 3183 isunc
496 3126 717 3205 magistratum
746 3128 923 3185 invexerunt
952 3128 1067 3206 priscis
1097 3126 1294 3205 temporibus,
1311 3132 1399 3190 P158

192 3208 395 3285 Eteunadas,
412 3208 518 3287 idest,
539 3212 726 3291 quaesitores
745 3223 898 3271 vocarunt
918 3233 983 3291 eos,
1004 3214 1061 3292 qui
1080 3209 1127 3269 ad
1144 3212 1202 3271 isco
1216 3224 1296 3270 'mu-

193 3318 255 3356 nus
269 3290 486 3375 pervenissent.
527 3298 610 3375 lage
626 3298 885 3379 Harmenopolum
905 3298 928 3357 l.
948 3302 985 3373 6,
1007 3296 1046 3357 de
1066 3299 1157 3357 variis
1177 3299 1297 3378 legibus

191 3385 240 3442 tit.
263 3386 299 3457 1,
321 3382 464 3461 Virgilius
483 3385 505 3445 6
524 3379 650 3439 Aeneid.

302 3466 464 3545 Quaesitor
484 3467 588 3526 Minos
608 3486 721 3526 umam
740 3478 856 3547 moon,
879 3466 934 3526 ilie
952 3468 1098 3527 silentum

301 3552 529 3631 Consiliumque
547 3563 654 3631 vocat,
676 3554 831 3632 vitamque
850 3564 880 3610 et
901 3554 1032 3612 crimina
1052 3552 1156 3612 discit.

192 3634 413 3713 Emendandaa
433 3648 504 3697 sunt
532 3640 624 3695 ctiam
651 3636 798 3698 editiones
822 3635 1053 3717 Schringeriana
1081 3648 1112 3697 et
1132 3635 1296 3696 Concians.

192 3722 273 3781 lllnd
294 3720 344 3781 hic
364 3724 457 3783 habet
478 3720 701 3797 difficultatem
731 3720 814 3803 quod
832 3726 875 3803 inx
888 3725 999 3783 norell.
1021 3727 1062 3787 80
1084 3720 1122 3781 de
1144 3724 1296 3802 quaesito-

192 3811 234 3868 ris
261 3811 461 3883 institutione,
490 3808 574 3865 nulla
602 3810 717 3867 mentio
745 3811 785 3867 sit
813 3811 989 3885 criminum,
1020 3805 1159 3891 adquae
1181 3826 1296 3887 cogno-

191 3892 303 3955 scenda
329 3890 410 3952 hanc
438 3896 609 3954 institutum
636 3896 848 3971 magistratum
879 3896 974 3955 fuisse
1000 3896 1167 3975 Procopius
1196 3893 1295 3953 docet.

190 3982 233 4038 At
253 3977 291 4039 de
309 3981 445 4059 acceptis,
466 3999 529 4038 non
546 3980 667 4057 scripto,
688 3977 743 4037 sed
764 3979 865 4055 verbo,
887 3981 1032 4061 principis
1053 3979 1203 4041 mandatis
1217 3982 1295 4039 Pro-

191 4068 296 4145 copius
316 4067 468 4145 loquitur;
490 4075 524 4123 ut
543 4064 640 4145 liquet
661 4084 702 4123 ex
722 4066 776 4141 iis,
797 4084 874 4147 quae
895 4068 999 4125 statim
1015 4065 1053 4127 da
1068 4075 1204 4148 praetore
1223 4066 1295 4145 ple-

190 4150 256 4228 bis,
277 4160 308 4207 et
328 4151 396 4209 arbi
416 4152 567 4229 praefecto
587 4161 697 4211 amat.

275 4237 311 4294 Ρ.
335 4236 406 4311 117,
429 4238 459 4300 ὃ.
504 4237 694 4315 Quaestus-as
713 4230 837 4317 munere]
867 4235 930 4296 Atii
949 4245 1020 4298 sant
1040 4246 1213 4319 quaestores
1233 4236 1294 4295 Ur-
